<?xml version="1.0" encoding="UTF-8"?>
<!DOCTYPE html PUBLIC "-//W3C//DTD XHTML 1.0 Transitional//EN"
    "http://www.w3.org/TR/xhtml1/DTD/xhtml1-transitional.dtd">
<html xmlns="http://www.w3.org/1999/xhtml" xml:lang="en" lang="en">
 <head>
  <title>
</title>
<meta http-equiv="Content-Type" content="text/html;charset=utf-8" />
  <meta name='ocr-system' content='tesseract 3.04.00' />
  <meta name='ocr-capabilities' content='ocr_page ocr_carea ocr_par ocr_line ocrx_word'/>
</head>
<body>
  <div class='ocr_page' id='page_1' title='image "./locielibroverita00gascuoft_0290.png"; bbox 0 0 2456 3210; ppageno 0'>
   <div class='ocr_carea' id='block_1_1' title="bbox 445 257 1749 303">
    <p class='ocr_par' dir='ltr' id='par_1_1' title="bbox 445 257 1749 303">
     <span class='ocr_line' id='line_1_1' title="bbox 445 257 1749 303; baseline 0.001 -2"><span class='ocrx_word' id='word_1_1' title='bbox 445 257 526 301; x_wconf 92' lang='lat'>188</span> <span class='ocrx_word' id='word_1_2' title='bbox 950 264 1083 301; x_wconf 69' lang='grc' dir='ltr'>ωε]</span> <span class='ocrx_word' id='word_1_3' title='bbox 1116 265 1154 300; x_wconf 82' lang='grc' dir='ltr'><em>Ε</em></span> <span class='ocrx_word' id='word_1_4' title='bbox 1193 266 1356 301; x_wconf 78' lang='lat' dir='ltr'><em>LJBRO</em></span> <span class='ocrx_word' id='word_1_5' title='bbox 1403 266 1606 301; x_wconf 81' lang='lat' dir='ltr'><em>VERJTA</em></span> <span class='ocrx_word' id='word_1_6' title='bbox 1617 266 1749 303; x_wconf 83' lang='lat' dir='ltr'><em>TUM.</em></span> 
     </span>
    </p>
   </div>
   <div class='ocr_carea' id='block_1_2' title="bbox 443 406 2288 2879">
    <p class='ocr_par' dir='ltr' id='par_1_2' title="bbox 443 406 2254 530">
     <span class='ocr_line' id='line_1_2' title="bbox 444 406 2254 465; baseline 0.001 -14"><span class='ocrx_word' id='word_1_7' title='bbox 444 406 489 451; x_wconf 86' lang='lat' dir='ltr'>in</span> <span class='ocrx_word' id='word_1_8' title='bbox 516 406 694 449; x_wconf 89' lang='lat' dir='ltr'>nomine</span> <span class='ocrx_word' id='word_1_9' title='bbox 725 406 919 458; x_wconf 86' lang='lat' dir='ltr'>Domini,</span> <span class='ocrx_word' id='word_1_10' title='bbox 941 421 1046 450; x_wconf 91' lang='lat' dir='ltr'>vera</span> <span class='ocrx_word' id='word_1_11' title='bbox 1075 409 1203 463; x_wconf 90' lang='lat' dir='ltr'>copia</span> <span class='ocrx_word' id='word_1_12' title='bbox 1233 409 1433 463; x_wconf 87' lang='lat' dir='ltr'>praedicti</span> <span class='ocrx_word' id='word_1_13' title='bbox 1464 408 1562 451; x_wconf 89' lang='lat' dir='ltr'>libri</span> <span class='ocrx_word' id='word_1_14' title='bbox 1593 410 1663 451; x_wconf 93' lang='lat' dir='ltr'>De</span> <span class='ocrx_word' id='word_1_15' title='bbox 1693 409 1802 451; x_wconf 90' lang='lat' dir='ltr'>actis</span> <span class='ocrx_word' id='word_1_16' title='bbox 1831 415 1875 452; x_wconf 91' lang='lat' dir='ltr'>et</span> <span class='ocrx_word' id='word_1_17' title='bbox 1905 409 2040 465; x_wconf 84' lang='lat' dir='ltr'>gestis</span> <span class='ocrx_word' id='word_1_18' title='bbox 2070 410 2114 452; x_wconf 91' lang='lat' dir='ltr'>in</span> <span class='ocrx_word' id='word_1_19' title='bbox 2137 410 2254 453; x_wconf 92' lang='lat' dir='ltr'>Con-</span> 
     </span>
     <span class='ocr_line' id='line_1_3' title="bbox 443 486 981 530; baseline -0.004 -2"><span class='ocrx_word' id='word_1_20' title='bbox 443 486 545 529; x_wconf 91' lang='lat' dir='ltr'>cilio</span> <span class='ocrx_word' id='word_1_21' title='bbox 577 501 702 530; x_wconf 86' lang='lat' dir='ltr'>sacro</span> <span class='ocrx_word' id='word_1_22' title='bbox 734 487 981 529; x_wconf 88' lang='lat' dir='ltr'>Basiliensi.</span> 
     </span>
    </p>

    <p class='ocr_par' dir='ltr' id='par_1_3' title="bbox 443 567 2288 1979">
     <span class='ocr_line' id='line_1_4' title="bbox 560 567 2252 625; baseline 0.002 -17"><span class='ocrx_word' id='word_1_23' title='bbox 560 573 615 618; x_wconf 82' lang='lat' dir='ltr'>[p.</span> <span class='ocrx_word' id='word_1_24' title='bbox 647 573 742 617; x_wconf 89' lang='lat'><strong>500-]</strong></span> <span class='ocrx_word' id='word_1_25' title='bbox 803 567 1103 610; x_wconf 88' lang='lat' dir='ltr'>Consimiliter</span> <span class='ocrx_word' id='word_1_26' title='bbox 1129 574 1233 610; x_wconf 90' lang='lat' dir='ltr'>sunt</span> <span class='ocrx_word' id='word_1_27' title='bbox 1264 569 1449 611; x_wconf 86' lang='lat' dir='ltr'>diversae</span> <span class='ocrx_word' id='word_1_28' title='bbox 1479 583 1623 611; x_wconf 79' lang='lat' dir='ltr'>causae</span> <span class='ocrx_word' id='word_1_29' title='bbox 1653 583 1788 624; x_wconf 89' lang='lat' dir='ltr'>quare</span> <span class='ocrx_word' id='word_1_30' title='bbox 1819 570 2012 625; x_wconf 85' lang='lat' dir='ltr'>episcopi</span> <span class='ocrx_word' id='word_1_31' title='bbox 2044 571 2252 621; x_wconf 90' lang='lat' dir='ltr'>moderni,</span> 
     </span>
     <span class='ocr_line' id='line_1_5' title="bbox 445 649 2254 705; baseline 0.003 -15"><span class='ocrx_word' id='word_1_32' title='bbox 445 654 491 690; x_wconf 91' lang='lat' dir='ltr'>et</span> <span class='ocrx_word' id='word_1_33' title='bbox 534 655 736 700; x_wconf 87' lang='lat' dir='ltr'>rectores,</span> <span class='ocrx_word' id='word_1_34' title='bbox 777 655 821 690; x_wconf 91' lang='lat' dir='ltr'>et</span> <span class='ocrx_word' id='word_1_35' title='bbox 867 649 1027 700; x_wconf 90' lang='lat' dir='ltr'>vicarii,</span> <span class='ocrx_word' id='word_1_36' title='bbox 1069 655 1114 691; x_wconf 91' lang='lat' dir='ltr'>et</span> <span class='ocrx_word' id='word_1_37' title='bbox 1155 649 1352 691; x_wconf 86' lang='lat' dir='ltr'>ecclesiae</span> <span class='ocrx_word' id='word_1_38' title='bbox 1401 649 1648 705; x_wconf 78' lang='lat' dir='ltr'>collegiatae</span> <span class='ocrx_word' id='word_1_39' title='bbox 1692 664 1780 692; x_wconf 93' lang='lat' dir='ltr'>non</span> <span class='ocrx_word' id='word_1_40' title='bbox 1822 651 2106 694; x_wconf 84' lang='lat' dir='ltr'>consenciunt</span> <span class='ocrx_word' id='word_1_41' title='bbox 2145 651 2254 696; x_wconf 82' lang='lat' dir='ltr'>alios</span> 
     </span>
     <span class='ocr_line' id='line_1_6' title="bbox 443 729 2254 786; baseline 0.003 -16"><span class='ocrx_word' id='word_1_42' title='bbox 443 729 684 783; x_wconf 87' lang='lat' dir='ltr'>praedicare</span> <span class='ocrx_word' id='word_1_43' title='bbox 714 729 758 770; x_wconf 92' lang='lat' dir='ltr'>in</span> <span class='ocrx_word' id='word_1_44' title='bbox 786 729 875 771; x_wconf 88' lang='lat' dir='ltr'>suis</span> <span class='ocrx_word' id='word_1_45' title='bbox 907 729 1100 771; x_wconf 90' lang='lat' dir='ltr'>ecclesiis</span> <span class='ocrx_word' id='word_1_46' title='bbox 1117 744 1127 782; x_wconf 83' lang='lat'>3</span> <span class='ocrx_word' id='word_1_47' title='bbox 1164 743 1196 772; x_wconf 91' lang='lat'>1.</span> <span class='ocrx_word' id='word_1_48' title='bbox 1228 745 1317 773; x_wconf 89' lang='lat' dir='ltr'>una</span> <span class='ocrx_word' id='word_1_49' title='bbox 1347 744 1480 773; x_wconf 89' lang='lat' dir='ltr'>causa</span> <span class='ocrx_word' id='word_1_50' title='bbox 1511 737 1578 773; x_wconf 89' lang='lat' dir='ltr'>est</span> <span class='ocrx_word' id='word_1_51' title='bbox 1610 745 1665 772; x_wconf 93' lang='lat' dir='ltr'>ne</span> <span class='ocrx_word' id='word_1_52' title='bbox 1695 731 1883 773; x_wconf 86' lang='lat' dir='ltr'>sciencia</span> <span class='ocrx_word' id='word_1_53' title='bbox 1914 731 2254 786; x_wconf 84' lang='lat' dir='ltr'>praedicancium</span> 
     </span>
     <span class='ocr_line' id='line_1_7' title="bbox 445 810 2255 866; baseline 0.003 -15"><span class='ocrx_word' id='word_1_54' title='bbox 445 811 653 852; x_wconf 86' lang='lat' dir='ltr'>ostendat</span> <span class='ocrx_word' id='word_1_55' title='bbox 692 810 812 865; x_wconf 87' lang='lat' dir='ltr'>ipsos</span> <span class='ocrx_word' id='word_1_56' title='bbox 858 810 1150 865; x_wconf 86' lang='lat' dir='ltr'>praesidentes</span> <span class='ocrx_word' id='word_1_57' title='bbox 1190 825 1287 852; x_wconf 88' lang='lat' dir='ltr'>esse</span> <span class='ocrx_word' id='word_1_58' title='bbox 1330 811 1503 862; x_wconf 82' lang='lat' dir='ltr'>inscios,</span> <span class='ocrx_word' id='word_1_59' title='bbox 1544 818 1589 854; x_wconf 91' lang='lat' dir='ltr'>et</span> <span class='ocrx_word' id='word_1_60' title='bbox 1629 812 1892 866; x_wconf 85' lang='lat' dir='ltr'>ignorantes,</span> <span class='ocrx_word' id='word_1_61' title='bbox 1933 812 2007 866; x_wconf 87' lang='lat' dir='ltr'>qui</span> <span class='ocrx_word' id='word_1_62' title='bbox 2054 812 2255 857; x_wconf 83' lang='lat' dir='ltr'>nesciunt</span> 
     </span>
     <span class='ocr_line' id='line_1_8' title="bbox 445 891 2254 947; baseline 0.002 -15"><span class='ocrx_word' id='word_1_63' title='bbox 445 891 507 933; x_wconf 88' lang='lat' dir='ltr'>ita</span> <span class='ocrx_word' id='word_1_64' title='bbox 537 891 657 946; x_wconf 91' lang='lat' dir='ltr'>loqui</span> <span class='ocrx_word' id='word_1_65' title='bbox 688 891 854 946; x_wconf 92' lang='lat' dir='ltr'>populo</span> <span class='ocrx_word' id='word_1_66' title='bbox 885 891 997 934; x_wconf 91' lang='lat' dir='ltr'>sicut</span> <span class='ocrx_word' id='word_1_67' title='bbox 1028 891 1111 946; x_wconf 90' lang='lat' dir='ltr'>ipsi</span> <span class='ocrx_word' id='word_1_68' title='bbox 1139 893 1461 946; x_wconf 69' lang='lat' dir='ltr'>praedicatores.</span> <span class='ocrx_word' id='word_1_69' title='bbox 1522 904 1562 935; x_wconf 85' lang='lat'>2.</span> <span class='ocrx_word' id='word_1_70' title='bbox 1595 893 1723 944; x_wconf 85' lang='lat' dir='ltr'>Item,</span> <span class='ocrx_word' id='word_1_71' title='bbox 1750 892 1837 934; x_wconf 90' lang='lat' dir='ltr'>alia</span> <span class='ocrx_word' id='word_1_72' title='bbox 1865 906 1996 935; x_wconf 81' lang='lat' dir='ltr'>causa</span> <span class='ocrx_word' id='word_1_73' title='bbox 2027 898 2106 942; x_wconf 87' lang='lat' dir='ltr'>est,</span> <span class='ocrx_word' id='word_1_74' title='bbox 2134 893 2254 947; x_wconf 89' lang='lat' dir='ltr'>quod</span> 
     </span>
     <span class='ocr_line' id='line_1_9' title="bbox 444 971 2255 1028; baseline 0.002 -16"><span class='ocrx_word' id='word_1_75' title='bbox 444 971 705 1025; x_wconf 84' lang='lat' dir='ltr'>praedicacio</span> <span class='ocrx_word' id='word_1_76' title='bbox 737 972 933 1014; x_wconf 83' lang='lat' dir='ltr'>ostendit</span> <span class='ocrx_word' id='word_1_77' title='bbox 964 971 1041 1013; x_wconf 89' lang='lat' dir='ltr'>illa</span> <span class='ocrx_word' id='word_1_78' title='bbox 1071 986 1207 1026; x_wconf 88' lang='lat' dir='ltr'>opera</span> <span class='ocrx_word' id='word_1_79' title='bbox 1235 986 1331 1014; x_wconf 93' lang='lat' dir='ltr'>esse</span> <span class='ocrx_word' id='word_1_80' title='bbox 1357 973 1477 1015; x_wconf 91' lang='lat' dir='ltr'>bona</span> <span class='ocrx_word' id='word_1_81' title='bbox 1507 987 1607 1027; x_wconf 86' lang='lat' dir='ltr'>quae</span> <span class='ocrx_word' id='word_1_82' title='bbox 1637 973 1720 1027; x_wconf 92' lang='lat' dir='ltr'>ipsi</span> <span class='ocrx_word' id='word_1_83' title='bbox 1751 973 1919 1024; x_wconf 90' lang='lat' dir='ltr'>odiunt,</span> <span class='ocrx_word' id='word_1_84' title='bbox 1941 980 1986 1016; x_wconf 91' lang='lat' dir='ltr'>et</span> <span class='ocrx_word' id='word_1_85' title='bbox 2017 973 2092 1015; x_wconf 85' lang='lat' dir='ltr'>illa</span> <span class='ocrx_word' id='word_1_86' title='bbox 2122 987 2255 1028; x_wconf 90' lang='lat' dir='ltr'>opera</span> 
     </span>
     <span class='ocr_line' id='line_1_10' title="bbox 445 1052 2255 1108; baseline 0.002 -15"><span class='ocrx_word' id='word_1_87' title='bbox 445 1065 543 1094; x_wconf 90' lang='lat' dir='ltr'>esse</span> <span class='ocrx_word' id='word_1_88' title='bbox 585 1052 702 1093; x_wconf 87' lang='lat' dir='ltr'>mala</span> <span class='ocrx_word' id='word_1_89' title='bbox 744 1066 844 1107; x_wconf 83' lang='lat' dir='ltr'>quae</span> <span class='ocrx_word' id='word_1_90' title='bbox 885 1052 969 1106; x_wconf 84' lang='lat' dir='ltr'>ipsi</span> <span class='ocrx_word' id='word_1_91' title='bbox 1010 1066 1090 1106; x_wconf 90' lang='lat' dir='ltr'>pro</span> <span class='ocrx_word' id='word_1_92' title='bbox 1129 1053 1249 1094; x_wconf 91' lang='lat' dir='ltr'>bono</span> <span class='ocrx_word' id='word_1_93' title='bbox 1289 1053 1491 1107; x_wconf 88' lang='lat' dir='ltr'>diligunt,</span> <span class='ocrx_word' id='word_1_94' title='bbox 1527 1059 1572 1096; x_wconf 87' lang='lat' dir='ltr'>et</span> <span class='ocrx_word' id='word_1_95' title='bbox 1606 1053 1668 1095; x_wconf 88' lang='lat' dir='ltr'>sic</span> <span class='ocrx_word' id='word_1_96' title='bbox 1707 1053 1950 1108; x_wconf 75' lang='lat' dir='ltr'>praedicant</span> <span class='ocrx_word' id='word_1_97' title='bbox 1988 1060 2140 1095; x_wconf 87' lang='lat' dir='ltr'>contra</span> <span class='ocrx_word' id='word_1_98' title='bbox 2179 1053 2255 1096; x_wconf 88' lang='lat' dir='ltr'>illa</span> 
     </span>
     <span class='ocr_line' id='line_1_11' title="bbox 443 1133 2256 1189; baseline 0.001 -15"><span class='ocrx_word' id='word_1_99' title='bbox 443 1133 556 1174; x_wconf 86' lang='lat' dir='ltr'>vicia</span> <span class='ocrx_word' id='word_1_100' title='bbox 586 1139 766 1187; x_wconf 90' lang='lat' dir='ltr'>propter</span> <span class='ocrx_word' id='word_1_101' title='bbox 796 1146 896 1187; x_wconf 84' lang='lat' dir='ltr'>quae</span> <span class='ocrx_word' id='word_1_102' title='bbox 927 1133 1123 1187; x_wconf 90' lang='lat' dir='ltr'>episcopi</span> <span class='ocrx_word' id='word_1_103' title='bbox 1155 1139 1200 1175; x_wconf 90' lang='lat' dir='ltr'>et</span> <span class='ocrx_word' id='word_1_104' title='bbox 1231 1134 1370 1176; x_wconf 88' lang='lat' dir='ltr'>curati</span> <span class='ocrx_word' id='word_1_105' title='bbox 1401 1134 1609 1176; x_wconf 88' lang='lat' dir='ltr'>odiuntur</span> <span class='ocrx_word' id='word_1_106' title='bbox 1642 1148 1669 1175; x_wconf 87' lang='lat' dir='ltr'>a</span> <span class='ocrx_word' id='word_1_107' title='bbox 1699 1133 1878 1188; x_wconf 90' lang='lat' dir='ltr'>populo.</span> <span class='ocrx_word' id='word_1_108' title='bbox 1939 1147 1979 1189; x_wconf 83' lang='lat'>3.</span> <span class='ocrx_word' id='word_1_109' title='bbox 2008 1133 2138 1185; x_wconf 90' lang='lat' dir='ltr'>Item,</span> <span class='ocrx_word' id='word_1_110' title='bbox 2168 1133 2256 1176; x_wconf 86' lang='lat' dir='ltr'>alia</span> 
     </span>
     <span class='ocr_line' id='line_1_12' title="bbox 444 1213 2255 1270; baseline 0.001 -15"><span class='ocrx_word' id='word_1_111' title='bbox 444 1226 577 1255; x_wconf 87' lang='lat' dir='ltr'>causa</span> <span class='ocrx_word' id='word_1_112' title='bbox 617 1220 697 1264; x_wconf 89' lang='lat' dir='ltr'>est,</span> <span class='ocrx_word' id='word_1_113' title='bbox 740 1214 861 1268; x_wconf 91' lang='lat' dir='ltr'>quod</span> <span class='ocrx_word' id='word_1_114' title='bbox 905 1213 1169 1269; x_wconf 86' lang='lat' dir='ltr'>praedicacio</span> <span class='ocrx_word' id='word_1_115' title='bbox 1213 1215 1430 1257; x_wconf 89' lang='lat' dir='ltr'>convertit</span> <span class='ocrx_word' id='word_1_116' title='bbox 1473 1229 1500 1258; x_wconf 88' lang='lat' dir='ltr'>a</span> <span class='ocrx_word' id='word_1_117' title='bbox 1539 1215 1731 1270; x_wconf 87' lang='lat' dir='ltr'>peccatis</span> <span class='ocrx_word' id='word_1_118' title='bbox 1773 1215 1976 1256; x_wconf 86' lang='lat' dir='ltr'>mulieres</span> <span class='ocrx_word' id='word_1_119' title='bbox 2018 1228 2127 1269; x_wconf 87' lang='lat' dir='ltr'>quas</span> <span class='ocrx_word' id='word_1_120' title='bbox 2172 1214 2255 1269; x_wconf 88' lang='lat' dir='ltr'>ipsi</span> 
     </span>
     <span class='ocr_line' id='line_1_13' title="bbox 444 1295 2254 1350; baseline 0.001 -13"><span class='ocrx_word' id='word_1_121' title='bbox 444 1300 610 1344; x_wconf 90' lang='lat' dir='ltr'>tenent,</span> <span class='ocrx_word' id='word_1_122' title='bbox 644 1301 688 1336; x_wconf 91' lang='lat' dir='ltr'>et</span> <span class='ocrx_word' id='word_1_123' title='bbox 729 1295 830 1336; x_wconf 92' lang='lat' dir='ltr'>ideo</span> <span class='ocrx_word' id='word_1_124' title='bbox 867 1296 1023 1337; x_wconf 91' lang='lat' dir='ltr'>odiunt</span> <span class='ocrx_word' id='word_1_125' title='bbox 1059 1296 1401 1350; x_wconf 86' lang='lat' dir='ltr'>praedicaciones</span> <span class='ocrx_word' id='word_1_126' title='bbox 1435 1296 1558 1339; x_wconf 91' lang='lat' dir='ltr'>tales.</span> <span class='ocrx_word' id='word_1_127' title='bbox 1627 1296 1762 1338; x_wconf 92' lang='lat' dir='ltr'>Unde</span> <span class='ocrx_word' id='word_1_128' title='bbox 1808 1310 1948 1349; x_wconf 88' lang='lat' dir='ltr'>nuper</span> <span class='ocrx_word' id='word_1_129' title='bbox 1986 1296 2087 1338; x_wconf 90' lang='lat' dir='ltr'>novi</span> <span class='ocrx_word' id='word_1_130' title='bbox 2132 1296 2254 1350; x_wconf 92' lang='lat' dir='ltr'>quod</span> 
     </span>
     <span class='ocr_line' id='line_1_14' title="bbox 444 1375 2254 1430; baseline 0.002 -14"><span class='ocrx_word' id='word_1_131' title='bbox 444 1375 661 1417; x_wconf 88' lang='lat' dir='ltr'>sacerdoti</span> <span class='ocrx_word' id='word_1_132' title='bbox 702 1377 873 1430; x_wconf 86' lang='lat' dir='ltr'>petenti</span> <span class='ocrx_word' id='word_1_133' title='bbox 924 1376 1206 1418; x_wconf 90' lang='lat' dir='ltr'>concubitum</span> <span class='ocrx_word' id='word_1_134' title='bbox 1247 1390 1348 1418; x_wconf 91' lang='lat' dir='ltr'>cum</span> <span class='ocrx_word' id='word_1_135' title='bbox 1397 1390 1478 1418; x_wconf 91' lang='lat' dir='ltr'>sua</span> <span class='ocrx_word' id='word_1_136' title='bbox 1523 1376 1760 1427; x_wconf 90' lang='lat' dir='ltr'>meretrice,</span> <span class='ocrx_word' id='word_1_137' title='bbox 1802 1376 1900 1430; x_wconf 90' lang='lat' dir='ltr'>ipsa</span> <span class='ocrx_word' id='word_1_138' title='bbox 1946 1375 2254 1430; x_wconf 84' lang='lat' dir='ltr'>respondebat,</span> 
     </span>
     <span class='ocr_line' id='line_1_15' title="bbox 445 1455 2256 1511; baseline 0.001 -15"><span class='ocrx_word' id='word_1_139' title='bbox 445 1455 549 1496; x_wconf 86' lang='lat' dir='ltr'>‘Vae</span> <span class='ocrx_word' id='word_1_140' title='bbox 590 1455 709 1507; x_wconf 91' lang='lat' dir='ltr'>mihi,</span> <span class='ocrx_word' id='word_1_141' title='bbox 748 1457 852 1510; x_wconf 88' lang='lat' dir='ltr'>quia</span> <span class='ocrx_word' id='word_1_142' title='bbox 893 1470 951 1497; x_wconf 85' lang='lat' dir='ltr'>ex</span> <span class='ocrx_word' id='word_1_143' title='bbox 993 1470 1206 1507; x_wconf 89' lang='lat' dir='ltr'>sermone,</span> <span class='ocrx_word' id='word_1_144' title='bbox 1245 1471 1378 1511; x_wconf 90' lang='lat' dir='ltr'>quem</span> <span class='ocrx_word' id='word_1_145' title='bbox 1413 1457 1547 1499; x_wconf 90' lang='lat' dir='ltr'>hodie</span> <span class='ocrx_word' id='word_1_146' title='bbox 1581 1457 1739 1507; x_wconf 89' lang='lat' dir='ltr'>audivi,</span> <span class='ocrx_word' id='word_1_147' title='bbox 1777 1457 1877 1498; x_wconf 88' lang='lat' dir='ltr'>novi</span> <span class='ocrx_word' id='word_1_148' title='bbox 1914 1457 2033 1510; x_wconf 92' lang='lat' dir='ltr'>quod</span> <span class='ocrx_word' id='word_1_149' title='bbox 2065 1457 2256 1510; x_wconf 86' lang='lat' dir='ltr'>graviter</span> 
     </span>
     <span class='ocr_line' id='line_1_16' title="bbox 445 1534 2288 1592; baseline 0.001 -15"><span class='ocrx_word' id='word_1_150' title='bbox 445 1537 622 1590; x_wconf 87' lang='lat' dir='ltr'>peccavi</span> <span class='ocrx_word' id='word_1_151' title='bbox 663 1542 822 1587; x_wconf 90' lang='lat' dir='ltr'>tecum,</span> <span class='ocrx_word' id='word_1_152' title='bbox 864 1543 909 1578; x_wconf 92' lang='lat' dir='ltr'>et</span> <span class='ocrx_word' id='word_1_153' title='bbox 950 1537 1051 1579; x_wconf 91' lang='lat' dir='ltr'>ideo</span> <span class='ocrx_word' id='word_1_154' title='bbox 1093 1552 1320 1592; x_wconf 88' lang='lat' dir='ltr'>nunquam</span> <span class='ocrx_word' id='word_1_155' title='bbox 1361 1543 1510 1580; x_wconf 89' lang='lat' dir='ltr'>tecum</span> <span class='ocrx_word' id='word_1_156' title='bbox 1550 1538 1758 1592; x_wconf 87' lang='lat' dir='ltr'>deinceps</span> <span class='ocrx_word' id='word_1_157' title='bbox 1798 1534 2040 1591; x_wconf 88' lang='lat' dir='ltr'>peccabo!’</span> <span class='ocrx_word' id='word_1_158' title='bbox 2086 1543 2130 1578; x_wconf 91' lang='lat' dir='ltr'>et</span> <span class='ocrx_word' id='word_1_159' title='bbox 2171 1537 2255 1578; x_wconf 73' lang='lat' dir='ltr'>iste</span> <span class='ocrx_word' id='word_1_160' title='bbox 2286 1585 2288 1587; x_wconf 23' lang='lat'>¹</span> 
     </span>
     <span class='ocr_line' id='line_1_17' title="bbox 446 1616 2253 1672; baseline 0.001 -16"><span class='ocrx_word' id='word_1_161' title='bbox 446 1616 649 1657; x_wconf 87' lang='lat' dir='ltr'>sacerdos</span> <span class='ocrx_word' id='word_1_162' title='bbox 672 1617 791 1667; x_wconf 89' lang='lat' dir='ltr'>Baal,</span> <span class='ocrx_word' id='word_1_163' title='bbox 820 1618 845 1657; x_wconf 91' lang='lat' dir='ltr'>i.</span> <span class='ocrx_word' id='word_1_164' title='bbox 865 1632 901 1658; x_wconf 83' lang='lat' dir='ltr'>e.</span> <span class='ocrx_word' id='word_1_165' title='bbox 924 1618 1018 1659; x_wconf 90' lang='lat' dir='ltr'>sine</span> <span class='ocrx_word' id='word_1_166' title='bbox 1045 1618 1153 1672; x_wconf 85' lang='lat' dir='ltr'>jugo</span> <span class='ocrx_word' id='word_1_167' title='bbox 1185 1619 1411 1670; x_wconf 88' lang='lat' dir='ltr'>castitatis,</span> <span class='ocrx_word' id='word_1_168' title='bbox 1432 1619 1515 1661; x_wconf 90' lang='lat' dir='ltr'>hoc</span> <span class='ocrx_word' id='word_1_169' title='bbox 1545 1618 1739 1667; x_wconf 87' lang='lat' dir='ltr'>audiens,</span> <span class='ocrx_word' id='word_1_170' title='bbox 1758 1617 1934 1672; x_wconf 83' lang='lat' dir='ltr'>juravit,</span> <span class='ocrx_word' id='word_1_171' title='bbox 1957 1617 2117 1666; x_wconf 90' lang='lat' dir='ltr'>dicens,</span> <span class='ocrx_word' id='word_1_172' title='bbox 2150 1620 2159 1637; x_wconf 91' lang='lat'>‘</span> <span class='ocrx_word' id='word_1_173' title='bbox 2178 1617 2253 1658; x_wconf 86' lang='lat' dir='ltr'>Ex</span> 
     </span>
     <span class='ocr_line' id='line_1_18' title="bbox 446 1697 2254 1758; baseline 0.001 -22"><span class='ocrx_word' id='word_1_174' title='bbox 446 1709 535 1750; x_wconf 91' lang='lat' dir='ltr'>quo</span> <span class='ocrx_word' id='word_1_175' title='bbox 571 1697 831 1750; x_wconf 82' lang='lat' dir='ltr'>praedicacio</span> <span class='ocrx_word' id='word_1_176' title='bbox 867 1699 1054 1758; x_wconf 83' lang='lat' dir='ltr'>retraxit</span> <span class='ocrx_word' id='word_1_177' title='bbox 1086 1698 1220 1740; x_wconf 91' lang='lat' dir='ltr'>hodie</span> <span class='ocrx_word' id='word_1_178' title='bbox 1256 1706 1302 1741; x_wconf 91' lang='lat' dir='ltr'>te</span> <span class='ocrx_word' id='word_1_179' title='bbox 1334 1715 1361 1741; x_wconf 87' lang='lat' dir='ltr'>a</span> <span class='ocrx_word' id='word_1_180' title='bbox 1394 1713 1494 1741; x_wconf 91' lang='lat' dir='ltr'>meo</span> <span class='ocrx_word' id='word_1_181' title='bbox 1526 1713 1687 1750; x_wconf 90' lang='lat' dir='ltr'>amore,</span> <span class='ocrx_word' id='word_1_182' title='bbox 1720 1711 1946 1752; x_wconf 88' lang='lat' dir='ltr'>nunquam</span> <span class='ocrx_word' id='word_1_183' title='bbox 1989 1697 2069 1738; x_wconf 91' lang='lat' dir='ltr'>erit</span> <span class='ocrx_word' id='word_1_184' title='bbox 2108 1710 2254 1738; x_wconf 89' lang='lat' dir='ltr'>sermo</span> 
     </span>
     <span class='ocr_line' id='line_1_19' title="bbox 446 1775 2255 1834; baseline 0.002 -17"><span class='ocrx_word' id='word_1_185' title='bbox 446 1775 490 1821; x_wconf 90' lang='lat' dir='ltr'>in</span> <span class='ocrx_word' id='word_1_186' title='bbox 518 1776 602 1817; x_wconf 88' lang='lat' dir='ltr'>ista</span> <span class='ocrx_word' id='word_1_187' title='bbox 623 1777 817 1827; x_wconf 90' lang='lat' dir='ltr'>ecclesia,</span> <span class='ocrx_word' id='word_1_188' title='bbox 840 1779 1052 1831; x_wconf 91' lang='lat' dir='ltr'>quamdiu</span> <span class='ocrx_word' id='word_1_189' title='bbox 1081 1792 1164 1832; x_wconf 87' lang='lat' dir='ltr'>ego</span> <span class='ocrx_word' id='word_1_190' title='bbox 1184 1779 1337 1821; x_wconf 85' lang='lat' dir='ltr'>vixero</span> <span class='ocrx_word' id='word_1_191' title='bbox 1367 1786 1411 1821; x_wconf 85' lang='lat' dir='ltr'>et</span> <span class='ocrx_word' id='word_1_192' title='bbox 1433 1780 1646 1834; x_wconf 88' lang='lat' dir='ltr'>impedire</span> <span class='ocrx_word' id='word_1_193' title='bbox 1665 1775 1859 1832; x_wconf 82' lang='lat' dir='ltr'>poter03&#39;</span> <span class='ocrx_word' id='word_1_194' title='bbox 1891 1784 1936 1819; x_wconf 86' lang='lat' dir='ltr'>et</span> <span class='ocrx_word' id='word_1_195' title='bbox 1958 1783 2112 1831; x_wconf 89' lang='lat' dir='ltr'>postea</span> <span class='ocrx_word' id='word_1_196' title='bbox 2134 1777 2255 1820; x_wconf 86' lang='lat' dir='ltr'>idem</span> 
     </span>
     <span class='ocr_line' id='line_1_20' title="bbox 446 1857 2254 1914; baseline 0 -17"><span class='ocrx_word' id='word_1_197' title='bbox 446 1857 650 1898; x_wconf 87' lang='lat' dir='ltr'>sacerdos</span> <span class='ocrx_word' id='word_1_198' title='bbox 683 1863 838 1911; x_wconf 91' lang='lat' dir='ltr'>captus</span> <span class='ocrx_word' id='word_1_199' title='bbox 868 1864 935 1900; x_wconf 87' lang='lat' dir='ltr'>est</span> <span class='ocrx_word' id='word_1_200' title='bbox 971 1865 1015 1900; x_wconf 91' lang='lat' dir='ltr'>et</span> <span class='ocrx_word' id='word_1_201' title='bbox 1056 1866 1271 1902; x_wconf 87' lang='lat' dir='ltr'>castratus</span> <span class='ocrx_word' id='word_1_202' title='bbox 1304 1874 1383 1914; x_wconf 91' lang='lat' dir='ltr'>per</span> <span class='ocrx_word' id='word_1_203' title='bbox 1416 1860 1471 1913; x_wconf 87' lang='lat' dir='ltr'>vij</span> <span class='ocrx_word' id='word_1_204' title='bbox 1509 1859 1720 1901; x_wconf 86' lang='lat' dir='ltr'>millearia</span> <span class='ocrx_word' id='word_1_205' title='bbox 1753 1858 1810 1900; x_wconf 92' lang='lat' dir='ltr'>ab</span> <span class='ocrx_word' id='word_1_206' title='bbox 1842 1857 2022 1900; x_wconf 79' lang='lat' dir='ltr'>Oxonia</span> <span class='ocrx_word' id='word_1_207' title='bbox 2058 1857 2132 1898; x_wconf 91' lang='lat' dir='ltr'>ubi</span> <span class='ocrx_word' id='word_1_208' title='bbox 2169 1857 2254 1898; x_wconf 78' lang='lat' dir='ltr'>ista</span> 
     </span>
     <span class='ocr_line' id='line_1_21' title="bbox 447 1937 777 1979; baseline -0.003 0"><span class='ocrx_word' id='word_1_209' title='bbox 447 1937 616 1979; x_wconf 89' lang='lat' dir='ltr'>mulieri</span> <span class='ocrx_word' id='word_1_210' title='bbox 647 1938 777 1979; x_wconf 84' lang='lat' dir='ltr'>dixit.</span> 
     </span>
    </p>

    <p class='ocr_par' dir='ltr' id='par_1_4' title="bbox 445 2018 2253 2879">
     <span class='ocr_line' id='line_1_22' title="bbox 512 2018 2253 2074; baseline 0 -16"><span class='ocrx_word' id='word_1_211' title='bbox 512 2062 514 2064; x_wconf 54' lang='grc'>,</span> <span class='ocrx_word' id='word_1_212' title='bbox 562 2024 613 2068; x_wconf 89' lang='lat' dir='ltr'>[p.</span> <span class='ocrx_word' id='word_1_213' title='bbox 637 2024 728 2068; x_wconf 88' lang='lat'><strong>507·]</strong></span> <span class='ocrx_word' id='word_1_214' title='bbox 791 2018 1088 2061; x_wconf 90' lang='lat' dir='ltr'>Consimiliter</span> <span class='ocrx_word' id='word_1_215' title='bbox 1123 2020 1228 2074; x_wconf 90' lang='lat' dir='ltr'>jam,</span> <span class='ocrx_word' id='word_1_216' title='bbox 1259 2035 1376 2062; x_wconf 90' lang='lat' dir='ltr'>anno</span> <span class='ocrx_word' id='word_1_217' title='bbox 1418 2020 1599 2062; x_wconf 89' lang='lat' dir='ltr'>Domini</span> <span class='ocrx_word' id='word_1_218' title='bbox 1635 2026 1744 2070; x_wconf 84' lang='lat'>1450</span> <span class='ocrx_word' id='word_1_219' title='bbox 1785 2024 1829 2059; x_wconf 89' lang='lat' dir='ltr'>et</span> <span class='ocrx_word' id='word_1_220' title='bbox 1869 2024 2012 2065; x_wconf 87' lang='lat' dir='ltr'>antea,</span> <span class='ocrx_word' id='word_1_221' title='bbox 2044 2018 2253 2059; x_wconf 86' lang='lat' dir='ltr'>dixerunt</span> 
     </span>
     <span class='ocr_line' id='line_1_23' title="bbox 445 2098 2251 2155; baseline -0.001 -16"><span class='ocrx_word' id='word_1_222' title='bbox 445 2098 593 2153; x_wconf 88' lang='lat' dir='ltr'>plures</span> <span class='ocrx_word' id='word_1_223' title='bbox 643 2098 734 2153; x_wconf 89' lang='lat' dir='ltr'>regi</span> <span class='ocrx_word' id='word_1_224' title='bbox 784 2098 964 2153; x_wconf 82' lang='lat' dir='ltr'>Angliae</span> <span class='ocrx_word' id='word_1_225' title='bbox 1017 2101 1211 2142; x_wconf 90' lang='lat' dir='ltr'>Henrico</span> <span class='ocrx_word' id='word_1_226' title='bbox 1255 2101 1410 2150; x_wconf 86' lang='lat' dir='ltr'>Sexto,</span> <span class='ocrx_word' id='word_1_227' title='bbox 1462 2101 1582 2155; x_wconf 90' lang='lat' dir='ltr'>quod</span> <span class='ocrx_word' id='word_1_228' title='bbox 1632 2099 1940 2153; x_wconf 80' lang='lat' dir='ltr'>praedicatores</span> <span class='ocrx_word' id='word_1_229' title='bbox 1988 2098 2108 2140; x_wconf 91' lang='lat' dir='ltr'>verbi</span> <span class='ocrx_word' id='word_1_230' title='bbox 2152 2098 2251 2147; x_wconf 88' lang='lat' dir='ltr'>Dei,</span> 
     </span>
     <span class='ocr_line' id='line_1_24' title="bbox 446 2179 2252 2235; baseline 0 -15"><span class='ocrx_word' id='word_1_231' title='bbox 446 2179 604 2221; x_wconf 91' lang='lat' dir='ltr'>famosi</span> <span class='ocrx_word' id='word_1_232' title='bbox 643 2180 687 2220; x_wconf 92' lang='lat' dir='ltr'>in</span> <span class='ocrx_word' id='word_1_233' title='bbox 721 2179 967 2234; x_wconf 87' lang='lat' dir='ltr'>Theologia</span> <span class='ocrx_word' id='word_1_234' title='bbox 1001 2180 1215 2233; x_wconf 90' lang='lat' dir='ltr'>doctores,</span> <span class='ocrx_word' id='word_1_235' title='bbox 1247 2196 1326 2235; x_wconf 90' lang='lat' dir='ltr'>per</span> <span class='ocrx_word' id='word_1_236' title='bbox 1360 2181 1695 2235; x_wconf 84' lang='lat' dir='ltr'>praedicationes</span> <span class='ocrx_word' id='word_1_237' title='bbox 1735 2193 1836 2220; x_wconf 90' lang='lat' dir='ltr'>suas</span> <span class='ocrx_word' id='word_1_238' title='bbox 1877 2185 2029 2221; x_wconf 88' lang='lat' dir='ltr'>contra</span> <span class='ocrx_word' id='word_1_239' title='bbox 2069 2184 2252 2233; x_wconf 85' lang='lat' dir='ltr'>peccata</span> 
     </span>
     <span class='ocr_line' id='line_1_25' title="bbox 447 2260 2253 2321; baseline -0.002 -19"><span class='ocrx_word' id='word_1_240' title='bbox 447 2261 635 2321; x_wconf 87' lang='lat' dir='ltr'>puplica,</span> <span class='ocrx_word' id='word_1_241' title='bbox 670 2260 713 2301; x_wconf 90' lang='lat' dir='ltr'>in</span> <span class='ocrx_word' id='word_1_242' title='bbox 754 2274 889 2314; x_wconf 88' lang='lat' dir='ltr'>regno</span> <span class='ocrx_word' id='word_1_243' title='bbox 926 2266 971 2302; x_wconf 91' lang='lat' dir='ltr'>et</span> <span class='ocrx_word' id='word_1_244' title='bbox 1007 2261 1050 2301; x_wconf 90' lang='lat' dir='ltr'>in</span> <span class='ocrx_word' id='word_1_245' title='bbox 1086 2262 1272 2303; x_wconf 87' lang='lat' dir='ltr'>concilio</span> <span class='ocrx_word' id='word_1_246' title='bbox 1309 2262 1422 2315; x_wconf 86' lang='lat' dir='ltr'>regis</span> <span class='ocrx_word' id='word_1_247' title='bbox 1455 2261 1627 2315; x_wconf 89' lang='lat' dir='ltr'>privato</span> <span class='ocrx_word' id='word_1_248' title='bbox 1669 2260 1842 2311; x_wconf 89' lang='lat' dir='ltr'>usitata,</span> <span class='ocrx_word' id='word_1_249' title='bbox 1876 2265 2059 2301; x_wconf 88' lang='lat' dir='ltr'>causant</span> <span class='ocrx_word' id='word_1_250' title='bbox 2099 2264 2253 2300; x_wconf 85' lang='lat' dir='ltr'>contra</span> 
     </span>
     <span class='ocr_line' id='line_1_26' title="bbox 447 2337 2252 2396; baseline -0.002 -14"><span class='ocrx_word' id='word_1_251' title='bbox 447 2355 595 2396; x_wconf 85' lang='lat' dir='ltr'>regem</span> <span class='ocrx_word' id='word_1_252' title='bbox 630 2341 977 2383; x_wconf 84' lang='lat' dir='ltr'>insurrexionem</span> <span class='ocrx_word' id='word_1_253' title='bbox 1019 2341 1062 2381; x_wconf 92' lang='lat' dir='ltr'>in</span> <span class='ocrx_word' id='word_1_254' title='bbox 1099 2342 1276 2395; x_wconf 91' lang='lat' dir='ltr'>populo,</span> <span class='ocrx_word' id='word_1_255' title='bbox 1312 2348 1356 2383; x_wconf 91' lang='lat' dir='ltr'>et</span> <span class='ocrx_word' id='word_1_256' title='bbox 1392 2347 1488 2383; x_wconf 90' lang='lat' dir='ltr'>tum</span> <span class='ocrx_word' id='word_1_257' title='bbox 1524 2339 1693 2393; x_wconf 84' lang='lat' dir='ltr'>injuriae</span> <span class='ocrx_word' id='word_1_258' title='bbox 1728 2340 1929 2394; x_wconf 86' lang='lat' dir='ltr'>puplicae,</span> <span class='ocrx_word' id='word_1_259' title='bbox 1961 2346 2005 2382; x_wconf 88' lang='lat' dir='ltr'>et</span> <span class='ocrx_word' id='word_1_260' title='bbox 2041 2337 2252 2380; x_wconf 89' lang='lat' dir='ltr'>annuales</span> 
     </span>
     <span class='ocr_line' id='line_1_27' title="bbox 447 2419 2252 2473; baseline -0.002 -10"><span class='ocrx_word' id='word_1_261' title='bbox 447 2427 581 2473; x_wconf 84' lang='lat' dir='ltr'>taxae,</span> <span class='ocrx_word' id='word_1_262' title='bbox 617 2428 661 2464; x_wconf 92' lang='lat' dir='ltr'>et</span> <span class='ocrx_word' id='word_1_263' title='bbox 701 2421 898 2470; x_wconf 85' lang='lat' dir='ltr'>decimae,</span> <span class='ocrx_word' id='word_1_264' title='bbox 934 2428 979 2462; x_wconf 87' lang='lat' dir='ltr'>et</span> <span class='ocrx_word' id='word_1_265' title='bbox 1018 2421 1230 2463; x_wconf 85' lang='lat' dir='ltr'>alienacio</span> <span class='ocrx_word' id='word_1_266' title='bbox 1267 2422 1496 2469; x_wconf 89' lang='lat' dir='ltr'>bonorum,</span> <span class='ocrx_word' id='word_1_267' title='bbox 1536 2433 1635 2473; x_wconf 83' lang='lat' dir='ltr'>quae</span> <span class='ocrx_word' id='word_1_268' title='bbox 1677 2433 1849 2461; x_wconf 84' lang='lat' dir='ltr'>coronae</span> <span class='ocrx_word' id='word_1_269' title='bbox 1880 2419 2170 2473; x_wconf 89' lang='lat' dir='ltr'>pertinebant,</span> <span class='ocrx_word' id='word_1_270' title='bbox 2208 2423 2252 2460; x_wconf 91' lang='lat' dir='ltr'>et</span> 
     </span>
     <span class='ocr_line' id='line_1_28' title="bbox 447 2498 2252 2557; baseline -0.002 -14"><span class='ocrx_word' id='word_1_271' title='bbox 447 2502 645 2544; x_wconf 88' lang='lat' dir='ltr'>defectus</span> <span class='ocrx_word' id='word_1_272' title='bbox 679 2501 833 2557; x_wconf 90' lang='lat' dir='ltr'>judicii</span> <span class='ocrx_word' id='word_1_273' title='bbox 878 2514 957 2555; x_wconf 84' lang='lat' dir='ltr'>per</span> <span class='ocrx_word' id='word_1_274' title='bbox 997 2500 1167 2555; x_wconf 90' lang='lat' dir='ltr'>judices</span> <span class='ocrx_word' id='word_1_275' title='bbox 1208 2501 1403 2543; x_wconf 89' lang='lat' dir='ltr'>ecclesiae</span> <span class='ocrx_word' id='word_1_276' title='bbox 1444 2507 1489 2542; x_wconf 91' lang='lat' dir='ltr'>et</span> <span class='ocrx_word' id='word_1_277' title='bbox 1532 2499 1654 2553; x_wconf 88' lang='lat' dir='ltr'>regni</span> <span class='ocrx_word' id='word_1_278' title='bbox 1703 2500 1877 2541; x_wconf 90' lang='lat' dir='ltr'>suerunt</span> <span class='ocrx_word' id='word_1_279' title='bbox 1917 2500 1979 2540; x_wconf 88' lang='lat' dir='ltr'>ita</span> <span class='ocrx_word' id='word_1_280' title='bbox 2020 2498 2252 2539; x_wconf 88' lang='lat' dir='ltr'>manifesta</span> 
     </span>
     <span class='ocr_line' id='line_1_29' title="bbox 449 2579 2249 2637; baseline -0.003 -13"><span class='ocrx_word' id='word_1_281' title='bbox 449 2589 492 2624; x_wconf 91' lang='lat' dir='ltr'>et</span> <span class='ocrx_word' id='word_1_282' title='bbox 531 2588 627 2624; x_wconf 92' lang='lat' dir='ltr'>tam</span> <span class='ocrx_word' id='word_1_283' title='bbox 668 2582 794 2637; x_wconf 87' lang='lat' dir='ltr'>plura</span> <span class='ocrx_word' id='word_1_284' title='bbox 829 2582 874 2623; x_wconf 92' lang='lat' dir='ltr'>in</span> <span class='ocrx_word' id='word_1_285' title='bbox 906 2595 1098 2633; x_wconf 90' lang='lat' dir='ltr'>numero,</span> <span class='ocrx_word' id='word_1_286' title='bbox 1129 2582 1261 2636; x_wconf 90' lang='lat' dir='ltr'>quod,</span> <span class='ocrx_word' id='word_1_287' title='bbox 1293 2582 1329 2622; x_wconf 90' lang='lat' dir='ltr'>si</span> <span class='ocrx_word' id='word_1_288' title='bbox 1369 2580 1430 2622; x_wconf 92' lang='lat' dir='ltr'>illi</span> <span class='ocrx_word' id='word_1_289' title='bbox 1470 2580 1779 2634; x_wconf 70' lang='lat' dir='ltr'>praedicatores</span> <span class='ocrx_word' id='word_1_290' title='bbox 1820 2587 1964 2622; x_wconf 89' lang='lat' dir='ltr'>tacere</span> <span class='ocrx_word' id='word_1_291' title='bbox 1998 2579 2249 2627; x_wconf 89' lang='lat' dir='ltr'>voluissent,</span> 
     </span>
     <span class='ocr_line' id='line_1_30' title="bbox 450 2659 2251 2717; baseline -0.003 -13"><span class='ocrx_word' id='word_1_292' title='bbox 450 2662 671 2717; x_wconf 88' lang='lat' dir='ltr'>‘lapides,&#39;</span> <span class='ocrx_word' id='word_1_293' title='bbox 713 2664 739 2706; x_wconf 91' lang='lat' dir='ltr'>i.</span> <span class='ocrx_word' id='word_1_294' title='bbox 757 2677 794 2706; x_wconf 88' lang='lat' dir='ltr'>e.</span> <span class='ocrx_word' id='word_1_295' title='bbox 827 2662 1065 2704; x_wconf 88' lang='lat' dir='ltr'>multitudo</span> <span class='ocrx_word' id='word_1_296' title='bbox 1106 2663 1270 2716; x_wconf 89' lang='lat' dir='ltr'>populi,</span> <span class='ocrx_word' id='word_1_297' title='bbox 1311 2659 1623 2712; x_wconf 84' lang='lat' dir='ltr'>‘clamassent,’</span> <span class='ocrx_word' id='word_1_298' title='bbox 1669 2667 1718 2703; x_wconf 89' lang='lat' dir='ltr'>ut</span> <span class='ocrx_word' id='word_1_299' title='bbox 1762 2661 1903 2715; x_wconf 89' lang='lat' dir='ltr'>inquit</span> <span class='ocrx_word' id='word_1_300' title='bbox 1950 2659 2155 2702; x_wconf 87' lang='lat' dir='ltr'>Salvator</span> <span class='ocrx_word' id='word_1_301' title='bbox 2194 2659 2251 2699; x_wconf 88' lang='lat' dir='ltr'>de</span> 
     </span>
     <span class='ocr_line' id='line_1_31' title="bbox 449 2738 2252 2800; baseline -0.003 -16"><span class='ocrx_word' id='word_1_302' title='bbox 449 2744 539 2784; x_wconf 87' lang='lat' dir='ltr'>suis</span> <span class='ocrx_word' id='word_1_303' title='bbox 579 2744 814 2798; x_wconf 90' lang='lat' dir='ltr'>discipulis,</span> <span class='ocrx_word' id='word_1_304' title='bbox 857 2757 968 2798; x_wconf 94' lang='lat' dir='ltr'>quos</span> <span class='ocrx_word' id='word_1_305' title='bbox 1014 2743 1207 2784; x_wconf 88' lang='lat' dir='ltr'>Pharisei</span> <span class='ocrx_word' id='word_1_306' title='bbox 1251 2742 1469 2797; x_wconf 83' lang='lat' dir='ltr'>optabant</span> <span class='ocrx_word' id='word_1_307' title='bbox 1515 2748 1661 2783; x_wconf 89' lang='lat' dir='ltr'>tacere</span> <span class='ocrx_word' id='word_1_308' title='bbox 1709 2756 1808 2784; x_wconf 88' lang='lat' dir='ltr'>cum</span> <span class='ocrx_word' id='word_1_309' title='bbox 1849 2741 2025 2800; x_wconf 79' lang='lat' dir='ltr'>populo,</span> <span class='ocrx_word' id='word_1_310' title='bbox 2068 2753 2123 2780; x_wconf 88' lang='lat' dir='ltr'>ne</span> <span class='ocrx_word' id='word_1_311' title='bbox 2164 2738 2252 2780; x_wconf 87' lang='lat' dir='ltr'>cla-</span> 
     </span>
     <span class='ocr_line' id='line_1_32' title="bbox 451 2819 2249 2879; baseline -0.003 -15"><span class='ocrx_word' id='word_1_312' title='bbox 451 2830 620 2879; x_wconf 87' lang='lat' dir='ltr'>marent</span> <span class='ocrx_word' id='word_1_313' title='bbox 656 2825 760 2877; x_wconf 88' lang='lat' dir='ltr'>Xto,</span> <span class='ocrx_word' id='word_1_314' title='bbox 803 2825 1095 2867; x_wconf 89' lang='lat' dir='ltr'>‘Benedictus</span> <span class='ocrx_word' id='word_1_315' title='bbox 1131 2825 1205 2876; x_wconf 89' lang='lat' dir='ltr'>qui</span> <span class='ocrx_word' id='word_1_316' title='bbox 1247 2823 1365 2865; x_wconf 89' lang='lat' dir='ltr'>venit</span> <span class='ocrx_word' id='word_1_317' title='bbox 1406 2823 1450 2863; x_wconf 92' lang='lat' dir='ltr'>in</span> <span class='ocrx_word' id='word_1_318' title='bbox 1492 2823 1667 2864; x_wconf 88' lang='lat' dir='ltr'>nomine</span> <span class='ocrx_word' id='word_1_319' title='bbox 1705 2819 1932 2864; x_wconf 82' lang='lat' dir='ltr'>Dominil’</span> <span class='ocrx_word' id='word_1_320' title='bbox 1995 2820 2054 2861; x_wconf 85' lang='lat' dir='ltr'>Et</span> <span class='ocrx_word' id='word_1_321' title='bbox 2093 2819 2249 2860; x_wconf 90' lang='lat' dir='ltr'>horum</span> 
     </span>
    </p>
   </div>
  </div>
 </body>
</html>
