2456 3210
439 268 519 310 182
942 276 1075 312 LOCI
1108 277 1147 310 E
1185 276 1351 310 LIBRO
1399 275 1744 311 VERITATUM.

435 423 485 462 ‘a
516 421 615 463 Deo
646 419 936 470 maledictus‚'
967 419 1110 474 inquit
1139 419 1366 473 jeremias,
1400 418 1499 473 ‘qui
1530 418 1636 460 facit
1667 433 1778 473 opus
1811 418 1897 460 Dei
1928 417 2201 474 negligenter
2216 413 2241 468 ;'

435 500 509 542 ille
543 501 647 543 facit
686 515 797 555 opus
832 501 917 542 Dei
953 501 1226 554 negligenter
1258 500 1333 552 qui
1368 498 1505 540 tradit
1541 512 1690 539 curam
1726 499 1920 540 ecclesiae
1949 499 2020 540 vel
2049 498 2241 540 officium
2299 552 2302 556 .

435 582 670 636 regiminis,
695 596 783 623 non
814 595 915 623 curn
946 581 1097 623 debita
1127 580 1386 630 intencione,
1411 585 1461 621 ut
1491 579 1639 620 debite
1670 579 1950 633 perficiantur
1979 592 2112 634 opera
2141 592 2242 632 quae

436 662 562 703 Deus
593 662 732 704 voluit
768 662 860 703 fieri
898 663 942 703 in
979 661 1161 703 ecclesia
1193 674 1269 702 seu
1302 660 1346 700 in
1378 650 1458 701 'illo
1493 659 1650 701 officio.
1713 660 1839 711 Item,
1870 659 1975 702 facit
2009 673 2121 714 opus
2156 659 2243 700 Dei

436 743 710 797 negligenter
741 744 815 796 qui
846 743 1035 784 intendit
1067 733 1241 796 placere
1270 741 1438 782 homini
1476 742 1629 794 pocius
1664 735 1800 794 quam
1832 741 1943 791 Deo,
1975 747 2020 782 et
2048 740 2109 782 sic
2139 739 2243 781 facit

435 822 510 864 ille
546 824 619 876 qui
660 828 810 877 potest
845 823 1041 865 conferre
1081 822 1273 863 officium
1316 821 1510 863 ecclesiae
1550 820 1765 870 habiliori,
1801 827 1845 862 et
1884 826 2035 862 tamen
2075 819 2244 862 confert

436 904 581 944 minus
616 903 767 944 habili.
826 902 876 945 Si
910 903 1028 945 enim
1064 903 1212 944 Deum
1254 907 1372 943 recte
1408 901 1621 955 diligeret,
1652 900 1714 942 illi
1757 900 1986 943 ecclesiam
2027 900 2244 942 conferret

435 997 568 1038 quem
609 984 692 1025 scit
724 983 796 1025 vel
836 984 975 1025 credit
1011 984 1130 1037 quod
1168 981 1323 1026 melius
1360 983 1460 1023 Deo
1500 981 1704 1036 placeret,
1740 988 1785 1023 et
1825 981 1993 1035 majora
2031 987 2077 1022 et
2116 980 2244 1035 plura

434 1065 554 1105 bona
593 1064 821 1118 perficeret
861 1077 1010 1106 coram
1051 1064 1152 1104 Deo
1193 1064 1237 1104 in
1277 1063 1423 1116 seipso
1465 1068 1510 1104 et
1548 1062 1593 1103 in
1633 1061 1742 1103 aliis.
1803 1061 1967 1103 Fidelis
2007 1074 2158 1103 servus
2197 1066 2243 1102 et

434 1145 630 1198 prudens
659 1150 774 1186 esset
803 1158 935 1198 quern
961 1144 1096 1185 homo
1122 1143 1409 1185 constitueret
1436 1155 1567 1196 super
1590 1141 1803 1183 familiam
1829 1141 2010 1183 Domini
2037 1141 2122 1183 Dei
2152 1141 2244 1183 sive

434 1225 480 1265 in
513 1225 726 1278 regimine
756 1224 907 1278 populi
940 1224 1038 1275 Dei,
1066 1229 1115 1265 ut
1147 1229 1336 1265 testatur
1368 1223 1586 1264 Dominus
1619 1222 1753 1273 Deus,
1780 1222 1911 1264 Matt.
1942 1234 2009 1273 24.
2070 1222 2242 1263 Tamen

435 1305 677 1358 aliquando
717 1318 917 1359 personae
957 1304 1097 1346 abiles
1137 1303 1358 1358 eliguntur
1396 1304 1455 1345 ad
1498 1303 1641 1344 ‘officia
1682 1303 1727 1343 in
1769 1302 1951 1344 ecclesia
1992 1308 2036 1344 et
2076 1302 2244 1356 populo

435 1386 631 1439 regendo
672 1386 776 1439 quia
820 1399 909 1426 non
950 1385 1227 1438 reperiuntur
1271 1383 1520 1435 habiliores,
1560 1383 1674 1424 sicut
1716 1383 1760 1424 in
1800 1382 1920 1424 bello
1959 1387 2244 1424 assumuntur

434 1466 640 1508 forciores
672 1471 717 1507 et
746 1465 883 1507 fortes
903 1466 1007 1520 quia
1038 1479 1127 1506 non
1158 1471 1262 1506 sunt
1292 1471 1362 1507 tot
1391 1465 1470 1506 viri
1500 1464 1707 1506 forciores
1737 1471 1847 1518 quot
1878 1470 1980 1506 sunt
2010 1464 2244 1506 necessarii

435 1546 687 1588 bellatores.

573 1633 624 1676 [p.
661 1632 756 1676 438]
828 1627 904 1669 Sic
947 1627 1041 1681 jam
1085 1628 1120 1668 si
1172 1628 1329 1669 doctor
1378 1627 1590 1681 praedicet
1640 1626 1815 1681 regibus
1866 1632 1911 1667 et
1961 1626 2152 1667 dominis
2197 1632 2243 1667 et

437 1707 667 1762 episcopis,
699 1714 748 1748 ut
787 1707 951 1748 saciant
992 1707 1336 1759 archidiaconos,
1372 1707 1617 1758 canonicos,
1654 1713 1700 1748 et
1735 1712 1936 1757 rectores,
1967 1713 2013 1748 et
2045 1706 2243 1758 vicarios,

436 1787 513 1841 qui
554 1794 783 1828 manerent
823 1788 868 1828 in
909 1788 1064 1829 officiis
1104 1789 1301 1842 ipsorum
1344 1788 1638 1839 dominorum,
1679 1787 1802 1829 exire
1841 1801 1869 1828 a
1909 1787 2029 1828 curia
2072 1800 2152 1828 sua
2196 1792 2243 1828 et

435 1867 663 1909 dimittere
708 1865 785 1907 illa
827 1867 981 1918 officia,
1017 1874 1066 1909 ut
1107 1868 1292 1922 vigilent
1336 1881 1470 1922 super
1513 1880 1695 1921 gregem
1741 1866 1803 1907 eis
1848 1867 2145 1917 commissum,
2191 1873 2243 1909 ut

435 1947 603 1989 subditi
637 1946 706 1987 sui
737 1952 855 1988 recte
887 1947 987 1988 Deo
1022 1948 1281 2000 sacrificent,
1314 1962 1422 1990 mox
1453 1948 1709 1998 irascuntur,
1739 1952 1784 1988 et
1820 1947 2000 1993 dicunt:
2056 1947 2241 1989 ‘Licen-

436 2028 551 2069 ciam
586 2027 731 2068 habeo
766 2040 794 2067 a
827 2040 944 2080 papa
979 2028 1036 2069 ad
1074 2029 1353 2070 retinendum
1389 2041 1564 2070 mecum
1599 2040 1711 2080 quos
1745 2026 1859 2078 volo,
1890 2041 1980 2068 non
2014 2027 2239 2069 dimittam

436 2120 543 2161 ergo
575 2107 808 2162 episcopos
842 2119 922 2148 nec
957 2107 1067 2149 alios
1103 2106 1303 2161 curatos,’
1334 2109 1539 2162 inquiunt
1573 2120 1698 2161 reges
1738 2114 1783 2148 et
1819 2108 2001 2158 domini,
2039 2110 2090 2149 ‘a
2121 2108 2241 2150 curia

437 2202 539 2230 mea
554 2186 578 2240 3’
618 2187 705 2229 illis
741 2187 858 2228 enim
892 2189 1087 2230 serviunt
1117 2189 1213 2242 jam
1244 2189 1440 2244 episcopi
1476 2194 1520 2230 et
1551 2188 1699 2241 magni
1732 2172 1938 2238 officiarii,
1970 2188 2159 2230 vivendo
2194 2188 2239 2229 in

436 2269 566 2311 curiis
597 2269 654 2310 de
684 2269 866 2310 decimis
897 2275 942 2310 et
977 2268 1281 2311 oblacionibus
1316 2268 1613 2311 ecclesiarum.
1675 2267 1805 2309 Unus
1845 2269 1963 2310 enim
2002 2268 2239 2323 archiepis-

436 2363 574 2404 copus
615 2355 660 2391 et
699 2348 741 2403 vj
786 2349 980 2403 episcopi
1016 2349 1110 2403 jam
1150 2364 1229 2405 per
1268 2350 1415 2404 plur'es
1459 2361 1598 2390 annos
1639 2361 1728 2389 non
1769 2355 2024 2391 manserunt
2063 2349 2108 2390 in
2150 2350 2241 2391 suis

436 2431 562 2480 curis,
585 2443 667 2471 nec
697 2443 835 2484 opera
864 2443 979 2471 curae
1011 2444 1102 2471 suae
1133 2429 1358 2481 fecerunt3
1389 2430 1466 2471 sed
1493 2434 1748 2470 manserunt
1772 2429 1842 2471 vel
1872 2430 1917 2471 in
1948 2430 2083 2471 domo
2113 2430 2241 2471 unius

436 2511 563 2564 regis,
597 2511 668 2552 vel
708 2510 752 2551 in
793 2509 945 2552 officiis
985 2511 1112 2564 regis,
1148 2518 1193 2553 et
1232 2511 1295 2552 sic
1336 2509 1521 2564 dispersi
1562 2515 1666 2551 sunt
1709 2510 1879 2564 lapides
1918 2510 2154 2552 sanctuarii
2194 2510 2239 2551 in

438 2591 591 2633 mundi
621 2590 959 2632 solicitudinem.

572 2678 622 2721 [p.
648 2677 745 2721 445.]
807 2670 1115 2722 Consimiliter,
1154 2671 1359 2713 solebant
1389 2670 1595 2712 doctores
1627 2670 1885 2725 Theologiae
1919 2671 2112 2714 Oxoniae
2142 2669 2240 2711 nul·

437 2752 527 2792 lam
555 2752 848 2806 quaestionem
878 2751 1193 2806 disputandam
1224 2753 1268 2793 in
1298 2750 1428 2792 scolis
1450 2750 1641 2793 Oxoniae
1672 2765 1929 2806 proponere,
1950 2752 2031 2793 nisi
2061 2756 2237 2792 textum

439 2831 631 2884 aliquem
679 2832 918 2886 Scripturae
960 2820 1107 2883 sacrae,
1153 2838 1271 2884 puta,
1314 2837 1458 2872 utrum
1501 2831 1671 2884 ‘Deus‚
1695 2839 1893 2875 nostrum
1934 2831 2148 2886 refugium
2194 2835 2239 2870 et
