2456 3210
656 263 788 298 LOCI
821 263 861 298 E
899 263 1065 298 LIBRO
1112 263 1458 300 VERJTATUM.
1909 274 1961 318 15

155 417 202 453 et
227 416 379 452 tamen
405 423 484 464 per
512 408 658 463 plures
687 421 827 449 annos
854 421 1079 462 nunquam
1104 408 1258 450 vident
1288 408 1351 449 illi
1377 410 1514 451 curati
1540 424 1664 451 suam
1693 411 1960 465 parochiam,

133 494 218 535 -ita
247 492 367 546 quod
403 487 654 545 parochiani
689 494 874 542 pereunt
906 487 950 529 in
990 488 1182 542 peccatis
1222 496 1267 530 et
1307 489 1521 541 miseriis;
1564 497 1609 532 et
1643 490 1738 544 jam
1777 498 1880 534 sunt
1912 492 1953 546 vj

155 572 348 627 episcopi
385 571 428 612 in
472 583 560 611 uno
601 581 736 623 regno
772 574 1003 610 manentes
1043 569 1086 610 in
1129 569 1282 611 officiis
1317 570 1636 624 temporalibus
1676 571 1804 613 unius
1844 573 1958 626 regis

153 658 282 695 extra
300 665 413 693 -suas
443 651 650 696 dioceses,
675 649 719 689 in
749 654 925 690 tantum
955 649 1075 702 quod
1107 662 1219 691 unus
1250 663 1401 691 eorum
1433 665 1658 705 nunquam
1689 666 1768 706 per
1798 666 1956 694 novem

151 747 292 776 annos
322 743 547 786 nunquam
577 727 676 785 (sic)
706 727 944 770 celebravit
979 729 1023 770 in
1054 730 1134 771 sua
1163 730 1347 772 ecclesia
1377 730 1631 780 cathedrali,
1664 740 1854 787 excepta
1885 733 1958 775 die

153 812 467 857 installacionis
497 824 599 861 suae,
631 809 709 850 sed
741 822 916 863 semper
948 810 1110 852 mansit
1145 810 1190 851 in
1225 810 1344 852 curia
1384 811 1617 866 temporali
1658 812 1739 854 nisi
1776 814 1956 866 quando

151 908 277 936 suam
315 892 526 935 diocesim
563 889 757 931 visitabit
796 888 1045 943 colligendo
1083 892 1290 945 pecunias
1326 898 1372 934 et
1407 892 1452 933 in
1488 892 1560 933 die
1596 892 1850 946 pleniluniae
1891 907 1956 934 re-

150 989 301 1018 versus
330 980 399 1016 est
428 973 474 1013 in
504 971 670 1014 curiam
700 969 1006 1023 temporalem.

266 1061 312 1105 [p.
336 1059 430 1104 317]
475 1052 722 1107 Episcopus
749 1049 1027 1101 Assavensis,
1051 1049 1262 1093 Wallicus
1282 1052 1460 1106 origine,
1481 1052 1660 1094 nomine
1681 1052 1955 1107 Reginaldus

151 1135 311 1184 Pecok,
332 1147 449 1176 anno
477 1132 709 1174 dominicae
742 1130 1057 1172 incarnacionis
1097 1141 1218 1185 1449,
1250 1138 1295 1173 et
1330 1139 1462 1174 antea
1493 1132 1738 1174 Londoniis
1767 1134 1954 1176 asseruit

149 1216 335 1272 publice,
359 1209 495 1272 'iquod
546 1211 739 1266 episcopi
778 1210 932 1264 quales
973 1223 1088 1252 nunc
1134 1218 1236 1253 sunt
1284 1212 1327 1253 in
1377 1212 1562 1254 ecclesia
1611 1227 1699 1254 non
1747 1220 1954 1255 tenentur

147 1296 385 1352 praedicare
424 1292 589 1349 populo
629 1305 721 1351 suae
760 1291 946 1332 diocesis
985 1304 1066 1332 nec
1105 1290 1294 1343 alterius,
1335 1298 1379 1334 et
1419 1306 1478 1334 ex
1518 1293 1603 1334 isto
1647 1293 1767 1335 dicto
1807 1300 1852 1335 et
1893 1308 1951 1335 ex

146 1368 391 1430 hochuod
432 1387 520 1415 non
559 1348 777 1428 ponderat
817 1371 874 1412 de
914 1370 1044 1413 dictis
1083 1378 1336 1414 sanctorum
1376 1373 1609 1414 doctorum
1645 1374 1724 1415 sed
1764 1373 1823 1415 de
1863 1374 1952 1415 suis

145 1457 331 1513 propriis
375 1454 524 1509 glosis,
563 1453 762 1505 maxima
808 1450 1085 1506 perturbacio
1134 1458 1179 1493 et
1226 1452 1396 1493 occasio
1447 1453 1682 1507 multiplex
1734 1453 1948 1495 malorum

146 1538 192 1579 in
220 1535 388 1591 Anglia
417 1541 463 1576 et
471 1506 726 1576 alibffirta
755 1532 940 1583 suerunt,
958 1531 1152 1578 idiversis
1183 1532 1435 1573 doctoribus
1469 1532 1661 1575 Oxoniae
1697 1539 1742 1575 et
1784 1534 1950 1576 Canta-0

144 1617 298 1672 brigiae
337 1615 511 1670 puplice
551 1627 699 1656 coram
739 1611 957 1667 episcopis
992 1617 1146 1653 contra
1180 1612 1370 1654 eundern
1410 1612 1667 1667 episcopum
1703 1613 1949 1655 Londoniis

144 1703 190 1740 et
223 1698 269 1738 in
304 1694 657 1737 universitatibus
691 1699 864 1739 contra,
879 1705 994 1765 eum
1022 1691 1281 1745 legentibus,
1316 1693 1722 1741 determinantibus.
1758 1700 1803 1736 et
1836 1708 1947 1748 prae-

143 1778 420 1836 dicantibus73
451 1782 498 1817 et
524 1774 717 1829 episcopi
748 1774 788 1815 ei
812 1733 1031 1814 favebant
1093 1771 1154 1813 Et
1181 1771 1299 1814 idem
1328 1773 1558 1828 episcopus
1587 1774 1704 1816 dixit
1736 1775 1947 1828 magistro

142 1857 331 1900 Thomae
374 1855 607 1910 Chapman
646 1854 767 1908 quod
808 1867 868 1895 ex
908 1852 1115 1906 opinione
1149 1866 1229 1894 sua
1263 1853 1501 1908 episcopali
1533 1861 1790 1908 sequeretur
1825 1856 1946 1909 quod

144 1937 287 1980 nullus
330 1937 538 1991 deinceps
576 1936 828 1990 loqueretur
868 1932 1035 1974 malum
1071 1933 1128 1974 de
1168 1932 1385 1987 episcopis
1426 1947 1505 1975 nec
1551 1935 1607 1976 de
1647 1935 1710 1976 eis
1750 1948 1946 1975 murmu-

143 2018 269 2070 rabit,
311 2017 431 2072 quod
476 2030 556 2072 per
594 2016 739 2070 ipsum
787 2014 1043 2068 episcopum
1091 2012 1295 2054 omnibus
1342 2020 1497 2055 notum
1545 2015 1627 2056 erit
1671 2015 1715 2056 in
1760 2015 1943 2069 scriptis,

142 2098 263 2152 quod
294 2097 486 2151 episcopi
517 2110 605 2138 non
635 2101 841 2137 tenentur
871 2093 1108 2148 praedicare
1145 2106 1224 2134 nec
1258 2092 1345 2134 alia
1381 2107 1514 2147 opera
1549 2108 1664 2136 curae
1699 2095 1942 2135 animarum

142 2178 295 2228 facere,
328 2177 441 2219 sicut
479 2176 619 2219 clerus
659 2181 706 2217 et
738 2174 896 2228 vulgus
937 2173 1183 2227 opinantur,
1220 2173 1298 2215 sed
1339 2180 1543 2215 tenentur
1582 2175 1942 2228 superintendere

141 2265 188 2300 et
227 2257 526 2311 questionibus
565 2256 811 2310 aliquorum
852 2253 1129 2307 respondere.
1203 2251 1263 2294 Et
1298 2260 1406 2305 tum,
1443 2255 1563 2296 dicto
1605 2268 1687 2295 suo
1732 2268 1820 2295 non
1860 2254 1940 2294 ob·

141 2343 298 2385 stante,
331 2337 455 2391 quasi
484 2349 638 2378 omnes
666 2335 872 2385 clamant,
904 2332 1022 2383 ‘Vae‚
1043 2346 1121 2380 vae,
1154 2331 1413 2387 episcopisl’
1474 2333 1622 2388 Quare
1655 2334 1832 2388 primus,
1864 2347 1940 2386 per

141 2431 292 2460 eorum
319 2416 549 2467 defectum,
576 2417 671 2458 haec
701 2415 844 2457 scribo
878 2414 922 2454 in
952 2413 1136 2454 veritate
1165 2426 1282 2454 anno
1304 2413 1484 2455 Domini
1522 2418 1617 2454 m¹¹¹⁰
1638 2417 1786 2455 ccccm⁰
1807 2412 1937 2461 xlix⁰‚

140 2504 190 2540 ut
220 2511 299 2552 pro
329 2495 613 2550 perversitate
646 2494 970 2549 presidencium
1006 2499 1050 2534 et
1081 2493 1424 2535 consiliariorum
1456 2495 1766 2551 modernorqm
1798 2493 1938 2534 sciant

139 2576 302 2632 posteri
333 2575 525 2630 poenalia
554 2575 681 2616 nobis
710 2574 845 2616 fuisse
870 2573 990 2626 juste
1021 2572 1155 2614 illata.

255 2662 301 2706 [p.
328 2660 420 2704 318]
463 2653 600 2695 Anno
643 2653 761 2695 enirn
801 2653 968 2695 domini
1010 2642 1105 2693 tnmo
1144 2657 1292 2694 ccccmo
1327 2652 1408 2706 liij⁰
1444 2653 1595 2694 civitas
1630 2658 1734 2692 tunc
1771 2650 1936 2693 Xtiana

140 2733 547 2787 Constantinopolis
592 2738 723 2787 capta
762 2733 844 2774 fuit
889 2745 966 2786 per
1013 2745 1211 2786 paganos
1251 2731 1430 2781 Turcos,
1473 2738 1517 2772 et
1562 2731 1675 2772 ultra
1722 2731 1937 2785 quinqua-

138 2815 262 2870 ginta
306 2813 426 2855 milia
470 2812 731 2853 Xtianorum
774 2811 916 2853 occisa
966 2818 1070 2853 tunc
1120 2812 1179 2852 ibi
1222 2812 1394 2853 fuerunt
1446 2825 1523 2864 per
1570 2810 1692 2851 illum
1740 2811 1934 2853 Turcum
