2456 3210
614 247 746 285 LOCI
779 248 819 284 E
856 247 1023 283 LIBRO
1069 247 1269 282 VERITA
1281 247 1412 283 TUM.
1861 251 1914 296 75

114 405 248 448 quam
278 391 505 447 proposuit
535 403 680 432 coram
713 390 834 444 Papa
860 389 1122 432 Innocencio
1155 396 1199 432 et
1231 389 1537 439 cardinalibus,
1567 389 1762 430 ostendit
1793 388 1913 442 quod

114 487 212 515 cum
248 473 365 514 facta
395 479 461 514 est
493 452 593 513 talis
623 470 902 512 ecclesiarum
934 471 1249 524 appropriacio,
1281 470 1399 512 sacta
1431 476 1498 511 est
1534 470 1578 510 in
1611 469 1795 511 ecclesia
1827 469 1912 510 Dei

113 553 310 595 omnium
350 551 565 593 malorum
605 550 899 605 perpetuacio,
939 557 983 592 et
1027 550 1214 592 eandem
1260 549 1582 592 conclusionem
1632 549 1827 591 ostendit
1867 549 1930 611 ἰῐιλ

114 633 328 676 Sermone
354 646 434 673 suo
465 631 640 686 egregio
670 631 727 672 de
756 644 860 672 cura
890 630 1214 684 pastorali,-qui
1242 631 1405 685 incipit,
1429 630 1584 672 ‘Natis
1614 636 1659 672 et
1689 626 1913 671 educatis?

114 713 203 768 Qui
233 713 350 755 enim
377 712 504 754 altari
526 711 605 753 Xti
634 711 838 761 serviunt,
858 711 916 752 de
934 710 1095 752 oblatis
1116 710 1210 752 Xto
1230 711 1407 761 vivant3
1438 724 1525 752 non
1552 711 1658 752 dicit
1685 702 1944 764 apostolus—

113 794 171 835 de
189 793 349 835 oblatis
367 792 494 834 altari
514 791 680 834 deliciis
701 791 950 832 nutriantur
968 791 1230 845 pompatice,
1247 798 1291 833 et
1314 805 1434 833 more
1454 791 1658 844 gencium
1679 791 1911 844 stipentur,

114 880 160 917 et
188 879 408 924 ornentur,
428 886 508 914 nec
538 872 657 926 quod
688 871 852 912 fercula
884 870 1240 925 multiplicentur,
1265 885 1387 913 more
1407 871 1653 925 gentilium.
1713 869 1913 918 ‘Vidua,’

99 949 255 1008 'inquit
266 951 522 1006 Apostolus,
544 953 611 993 ‘in
627 951 794 993 deliciis
813 951 975 1002 vivens,
991 958 1163 993 mortua
1184 951 1274 1002 est,'
1295 952 1320 993 i.
1335 966 1371 993 e.
1391 957 1595 1005 separata
1611 965 1638 992 a
1652 951 1738 992 Dei
1754 951 1912 1004 gracia,

113 1047 219 1087 ergo
241 1032 380 1074 multo
401 1032 541 1086 magis
566 1031 697 1074 altior
725 1031 936 1085 professio
964 1032 1008 1072 in
1035 1031 1201 1073 deliciis
1231 1031 1462 1086 prohibitis
1486 1032 1648 1073 vivens,
1710 1029 1751 1072 O
1777 1044 1911 1084 quam

112 1119 267 1155 sancta
301 1126 370 1154 res
405 1117 534 1162 esset,
564 1112 602 1153 si
641 1125 745 1153 cura
784 1111 1029 1152 animarum
1069 1111 1220 1154 debita
1259 1119 1376 1154 esset
1413 1111 1690 1153 solicitudine
1726 1111 1912 1165 provisa,

114 1200 164 1236 ut
184 1200 329 1235 essent
348 1199 545 1248 pastoroe
563 1192 797 1247 vigilantes
818 1198 863 1233 et
884 1192 1182 1234 custodientes
1201 1206 1382 1246 gregem
1403 1206 1543 1243 suum,
1564 1198 1608 1233 et
1630 1205 1710 1246 per
1729 1191 1912 1232 modum

115 1279 339 1328 perpetuae
371 1273 620 1315 elemosinae
655 1273 817 1315 sanctis
853 1278 898 1313 et
934 1272 1107 1314 devotis
1143 1272 1355 1327 religiosis
1394 1273 1627 1327 pensiones
1661 1285 1819 1313 annuae
1854 1272 1912 1312 de

114 1354 285 1408 magnis
306 1353 497 1395 ecclesiis
518 1359 563 1395 et
582 1353 733 1395 officiis
763 1352 919 1394 solutae
950 1359 1097 1394 essent
1126 1354 1364 1404 annuatim,
1386 1367 1442 1394 ne
1467 1353 1602 1393 nimia
1622 1358 1667 1394 et
1688 1352 1912 1393 mundana

113 1434 402 1488 occupacione
438 1434 495 1475 ab
529 1433 716 1476 actubus
751 1433 1047 1488 spiritualibus
1086 1433 1285 1475 scienciae
1320 1441 1366 1475 et
1398 1435 1610 1474 virtutum
1651 1433 1696 1473 in
1735 1438 1910 1473 tantum

113 1513 422 1568 elongarentur
447 1520 497 1556 ut
517 1515 715 1556 moderni
742 1514 869 1555 sunt!
930 1513 1120 1556 Sanctus
1147 1514 1264 1555 enim
1290 1521 1428 1568 pater,
1451 1520 1497 1556 et
1525 1514 1678 1557 doctor
1698 1513 1911 1567 egregius,

111 1593 400 1648 Augustinus,
430 1594 692 1649 Ipponensis
723 1595 965 1648 episcopus,
997 1595 1143 1648 potius
1177 1594 1347 1648 optavit
1376 1607 1425 1635 se
1457 1599 1502 1636 et
1533 1607 1636 1635 suos
1670 1592 1911 1635 confratres

111 1675 256 1716 vivere
285 1675 343 1716 de
375 1675 569 1729 pecuniis
599 1675 639 1716 ei
669 1675 839 1723 oblatis,
876 1688 1010 1728 quam
1041 1674 1098 1716 de
1133 1674 1392 1723 redditibus,
1421 1674 1547 1723 villis,
1579 1679 1624 1715 et
1654 1673 1782 1727 agris,
1810 1686 1910 1726 quae

114 1768 320 1809 magnam
356 1761 402 1797 et
433 1755 650 1797 diversam
685 1756 871 1809 exigunt
906 1754 1241 1806 solicitudinem,
1273 1761 1318 1796 et
1354 1753 1703 1808 implicacionem
1733 1753 1910 1807 spiritus

112 1848 142 1889 a
178 1835 367 1889 puritate
405 1835 719 1890 speculacionis
750 1841 795 1877 et
825 1838 941 1876 verae
972 1834 1233 1884 affeccionis,
1261 1849 1338 1876 seu
1370 1834 1632 1884 dileccionis,
1670 1840 1715 1875 et
1742 1834 1842 1875 ideo
1873 1833 1910 1874 si

114 1915 328 1968 potuisset
357 1915 419 1956 sic
447 1914 620 1963 habere,
651 1915 887 1970 optabilius
919 1915 981 1956 sic
1010 1915 1155 1957 vivere
1186 1915 1325 1957 voluit
1353 1915 1512 1957 beatus
1541 1914 1830 1968 Augustinus,
1861 1919 1911 1954 ut

114 2000 303 2038 testatur
337 1994 559 2037 Possidius
596 1994 871 2037 Calamensis
904 1994 1135 2050 episcopus
1175 1995 1219 2036 in
1253 1995 1345 2036 vita
1376 2008 1510 2049 quam
1549 1994 1721 2047 scripsit
1755 1992 1910 2035 Sancti

114 2073 364 2128 Augustini,
386 2075 461 2128 qui
485 2075 567 2117 fuit
587 2076 823 2130 discipulus
848 2075 1045 2129 ejusdem
1068 2074 1220 2117 Sancti
1241 2074 1481 2130 Augustini
1506 2060 1596 2116 sere
1623 2087 1702 2128 per
1721 2072 1910 2127 quadra-

114 2154 239 2207 ginta
272 2167 422 2196 annos.
497 2155 539 2198 O
578 2161 682 2198 vos!
725 2157 800 2210 qui
836 2156 981 2197 vivitis
1015 2156 1071 2197 de
1110 2155 1237 2196 bonis
1278 2155 1559 2197 ecclesiarum
1594 2152 1909 2208 parochialium

114 2233 240 2274 vobis
271 2235 570 2289 appropriatis,
599 2237 746 2279 videte
777 2250 835 2278 an
870 2249 972 2278 cura
1006 2236 1250 2277 animarum
1286 2235 1457 2277 illarum
1497 2235 1660 2276 habeat
1701 2232 1911 2285 requisita

115 2327 242 2364 curat,
276 2320 322 2355 et
352 2313 481 2356 saluti
515 2316 771 2368 animarum,
801 2317 1084 2358 attendentes
1115 2315 1249 2356 verba
1285 2314 1580 2357 Ecclesiastici
1613 2312 1707 2366 iiij0‚
1740 2315 1750 2332 ‘
1768 2311 1908 2352 Male-

115 2393 302 2448 dicentis
335 2393 417 2435 tibi
448 2397 708 2439 exaudietur
732 2397 957 2452 precatio;
987 2396 1195 2437 exaudiet
1215 2395 1338 2436 illum
1369 2396 1443 2450 qui
1474 2394 1577 2436 fecit
1607 2391 1756 2433 illum.²
1817 2390 1909 2432 Sed

116 2473 229 2514 forte
268 2472 391 2523 dieis,
425 2473 572 2517 ‘Male
610 2476 743 2518 michi
787 2477 1022 2527 maledicit,
1062 2481 1108 2517 et
1147 2476 1249 2517 ideo
1289 2476 1413 2517 Deus
1453 2475 1596 2528 justus
1637 2474 1780 2526 ipsum
1819 2484 1908 2512 non

115 2550 352 2595 exaudiet?
410 2553 582 2596 Revera
611 2557 795 2598 miseriae
825 2571 927 2607 suae,
957 2563 1002 2598 et
1036 2562 1219 2610 peccata
1248 2569 1338 2607 sua,
1369 2562 1415 2597 et
1444 2554 1639 2595 defectus
1669 2564 1783 2592 curae
1814 2550 1908 2604 ejus

117 2634 383 2684 necessariae,
419 2639 465 2675 et
503 2634 698 2678 defectus
736 2643 839 2678 tuus
877 2651 956 2691 per
994 2649 1126 2690 quem
1161 2636 1279 2677 bona
1317 2650 1431 2678 curae
1472 2641 1515 2675 et
1554 2633 1695 2673 bonus
1734 2637 1908 2672 curatus

116 2713 406 2764 retrahuntur,
441 2713 560 2766 juste
602 2722 758 2768 petunt
802 2723 848 2758 et
892 2717 1079 2771 exigunt
1123 2730 1150 2757 a
1191 2716 1290 2758 Deo
1334 2727 1513 2769 poenam
1557 2719 1768 2753 aeternam
1813 2711 1906 2759 tibi,

116 2795 191 2848 qui
239 2807 367 2836 causa
417 2807 463 2834 es
513 2793 678 2844 talium,
724 2802 773 2838 ut
822 2798 1014 2839 ostendit
1064 2798 1216 2839 doctor
1266 2794 1547 2843 auctenticus‚
1589 2799 1633 2833 et
1678 2791 1907 2833 cardinalis

973 2875 1002 2905 L
1026 2877 1047 2906 2
