2456 3210
616 253 749 290 LOCI
782 253 822 288 E
858 252 1025 288 LIBRO
1071 248 1417 288 VERITATUM.
1863 253 1918 298 59

116 400 251 452 videt,
270 406 317 442 et
346 398 478 441 nichil
507 397 671 440 habere
701 411 851 440 eorum
872 398 917 439 in
937 397 1205 439 consciencia
1230 396 1306 450 qui
1331 396 1376 437 in
1408 395 1505 437 aliis
1538 400 1815 449 correpturus
1835 399 1917 435 est.

117 480 196 524 Sic
224 480 342 522 enim
373 478 580 521 Ezechiel
610 485 782 533 septem
812 478 968 519 diebus
997 477 1113 520 sedit
1144 484 1190 519 et
1216 477 1508 519 consideravit
1536 490 1636 530 quae
1666 475 1842 525 diceret,
1874 481 1922 516 et

89 583 92 584 ⁷
118 561 300 616 lugebat
314 574 392 614 pro
407 561 471 601 eis
485 573 672 613 quorum
688 564 871 612 peccata
887 572 1036 600 coram
1051 558 1218 599 eisdem
1238 558 1523 612 redargueret
1544 563 1589 598 et
1605 555 1919 597 manifestaret.

120 641 228 682 Post
258 640 341 682 hos
366 646 539 695 septem
568 640 665 681 dies
698 639 864 681 factum
891 645 960 680 est
982 638 1164 686 verbum
1190 638 1372 679 Domini
1396 638 1455 679 ad
1487 650 1590 678 eum
1617 636 1780 686 dicens,
1809 635 1922 676 ‘Fili

118 721 330 763 hominis!
354 719 502 775 specul
552 733 673 796 ortam
689 719 792 761 dedi
809 725 855 761 te
876 719 1027 761 domui
1044 718 1180 760 Israel
1199 724 1244 759 et
1264 718 1417 759 audies
1435 718 1493 759 de
1512 730 1588 758 ore
1609 730 1710 758 meo
1725 716 1921 766 verbum,

118 808 167 843 et
194 764 478 842 annuncia'ffi-
508 764 669 842 &2⁷22
694 813 766 840 me
780 816 792 850 3
806 798 816 814 ’
851 799 1100 841 Ezechielis
1128 797 1195 852 iij⁰
1223 797 1431 852 mpitulo.
1491 797 1605 838 Haec
1642 797 1703 837 ibi
1742 802 1922 838 sanctus

120 882 278 923 doctor
294 881 558 934 Jeronimus.
613 879 799 921 Videret
827 893 933 933 ergo
961 879 1221 934 speculator,
1245 878 1272 919 i.
1287 892 1326 920 e.
1346 877 1533 932 quilibet
1557 877 1653 918 aliis
1680 877 1924 931 praesidens
1971 923 1973 925 v

121 962 269 1003 studio
297 968 344 1003 et
371 961 574 1003 oracione
600 974 700 1015 quae
726 961 811 1001 Dei
838 966 952 1011 sunt,
979 966 1026 1002 et
1054 966 1160 1001 tunc
1189 959 1401 1001 audacter
1425 972 1479 1000 ea
1505 958 1683 1008 diceret,
1711 957 1923 1010 exemplo

124 1042 247 1084 Uriae
266 1041 493 1096 prophetae
508 1041 702 1092 Domini,
718 1054 852 1095 quem
871 1041 1013 1082 occidi
1032 1040 1136 1082 fecit
1156 1054 1237 1082 rex
1251 1040 1381 1093 Judae
1396 1038 1615 1093 Joachim,
1636 1045 1683 1080 et
1701 1038 1923 1092 principes

121 1123 203 1174 sui,
222 1136 304 1176 pro
321 1122 456 1163 verbo
479 1121 567 1163 Dei
586 1122 708 1176 quod
735 1121 1018 1176 praedicando
1047 1126 1237 1162 testatus
1256 1126 1336 1170 est,
1358 1119 1433 1174 qui
1452 1119 1608 1160 videns
1628 1124 1817 1160 mortem
1838 1109 1923 1158 sibi

121 1202 268 1257 parari
306 1201 609 1244 nichilominus
646 1201 911 1256 loquebatur
947 1215 1048 1255 quae
1078 1201 1290 1255 praecepit
1321 1199 1446 1242 Deus
1488 1213 1569 1241 nec
1602 1199 1790 1240 mutavit
1824 1211 1927 1239 sen-

123 1283 314 1325 tenciam
334 1296 416 1336 pro
435 1282 677 1324 evitacione
695 1283 863 1324 mortis.
928 1281 1042 1323 Haec
1063 1281 1253 1323 Sanctus
1264 1281 1513 1334 Jeronimus
1533 1280 1647 1321 libro
1666 1293 1748 1320 suo
1768 1279 1925 1339 quin-to

123 1376 258 1418 super
277 1362 528 1416 jeremiam.
587 1362 714 1404 Missi
745 1362 862 1403 enim
891 1375 919 1403 a
948 1362 1050 1402 Deo
1078 1361 1383 1404 testimonium
1413 1359 1647 1415 perhibent
1673 1359 1809 1401 verbo
1836 1359 1925 1421 Dei

122 1443 184 1486 de
217 1443 302 1484 hiis
334 1457 608 1497 quaecunque
640 1443 794 1484 vident
832 1443 891 1483 ad
931 1442 1287 1484 annunciandum
1322 1441 1432 1490 aliis,
1470 1440 1681 1494 exemplo
1709 1439 1926 1493 Johannis

125 1524 172 1566 in
188 1522 466 1578 Apocalypsi
484 1529 533 1565 et
549 1522 745 1577 Antipas
763 1522 844 1564 viri
868 1522 1009 1564 sancti
1030 1522 1106 1575 qui
1132 1522 1259 1563 testis
1280 1521 1380 1572 Dei,
1409 1520 1438 1561 i.
1453 1535 1491 1563 e.
1521 1520 1675 1561 martir
1702 1520 1802 1570 Dei,
1824 1509 1926 1578 ideo

125 1603 172 1646 in
203 1603 479 1658 Apocalypsi
510 1617 541 1645 a
572 1603 768 1644 Domino
800 1603 946 1644 dictus
977 1609 1057 1651 est,
1094 1607 1288 1643 testante
1319 1600 1481 1655 angelo
1517 1600 1686 1642 Sancto
1716 1599 1925 1653 Johanni.

122 1683 410 1725 Annunciare
437 1689 588 1725 autem
617 1690 794 1725 tenetur
811 1683 1087 1725 voluntatem
1112 1681 1199 1723 Dei
1228 1687 1406 1723 curatus
1434 1687 1663 1735 oportune,
1684 1687 1729 1722 et
1760 1659 1925 1734 impor-

63 1792 68 1795 -
126 1769 245 1814 tune,
277 1764 382 1818 quia
418 1769 533 1806 teste
572 1763 738 1806 Sancto
776 1763 1043 1818 Augustino,
1084 1762 1130 1803 in
1171 1761 1387 1804 Sermone
1424 1761 1470 1802 in
1517 1761 1593 1802 die
1631 1760 1926 1802 anniversaria

124 1844 417 1885 ordinacionis
435 1858 527 1885 suae
546 1844 592 1885 in
618 1844 874 1898 episcopum
891 1860 901 1885 ε
933 1846 943 1863 ‘
957 1842 1121 1884 Servus
1139 1855 1332 1895 nequam
1352 1840 1524 1882 Mathei
1543 1841 1751 1883 vicesimo
1770 1840 1925 1894 quinto

129 1923 232 1964 ideo
259 1924 527 1977 dampnatur
551 1924 656 1978 quia
684 1938 774 1966 non
802 1924 928 1965 dedit
956 1922 1190 1977 pecuniam
1216 1921 1383 1963 domini
1410 1921 1477 1963 sui
1507 1921 1566 1962 ad
1602 1935 1814 1972 mensam,
1845 1921 1873 1961 i.
1888 1935 1927 1962 e.

128 2003 297 2044 donum
317 2003 404 2045 Dei
427 2010 473 2045 et
491 2004 672 2046 verbum
693 2004 780 2046 Dei
810 2004 893 2044 sibi
914 2003 1124 2044 collatum
1150 2002 1196 2042 in
1222 2016 1327 2043 usus
1346 2001 1545 2052 aliomm,
1566 2002 1685 2042 unde
1706 2001 1926 2042 Dominus

131 2082 171 2124 ei
185 2082 312 2134 dixit,
326 2084 349 2103 “
362 2082 510 2137 Quare
530 2097 619 2126 non
637 2084 798 2125 dedisti
819 2083 1052 2138 pecuniam
1078 2079 1261 2132 meam‚”
1276 2082 1319 2144 ³i.
1334 2096 1372 2124 e.
1385 2082 1581 2133 verbum,
1600 2085 1623 2103 ‘²
1636 2081 1734 2122 aliis
1753 2088 1802 2122 ut
1822 2073 1927 2121 inde

131 2161 253 2203 lucro
291 2162 504 2204 bonorum
535 2177 720 2218 operum
759 2164 804 2205 in
835 2162 1003 2217 judicio
1040 2161 1267 2216 exigerem
1296 2162 1356 2203 ab
1389 2159 1623 2203 eisdem?''
1666 2167 1792 2202 tuum
1832 2165 1927 2200 erat

133 2241 314 2282 verbum
353 2255 561 2296 erogare3
609 2244 696 2285 Dei
746 2250 816 2285 est
861 2244 1027 2285 bonam
1064 2243 1202 2284 vitam
1250 2243 1430 2296 exigere
1478 2247 1753 2296 erogatorem
1791 2239 1926 2281 verbi.

133 2321 287 2362 Posuit
313 2321 436 2363 Deus
467 2323 811 2375 praedicatorem,
839 2337 929 2364 non
962 2328 1216 2364 exactorem
1250 2323 1381 2364 bonae
1414 2322 1518 2364 vitae
1553 2322 1598 2362 in
1631 2320 1751 2362 aliis!
1811 2319 1927 2360 Haec

135 2402 197 2442 ibi
226 2400 416 2442 Sanctus
434 2400 723 2456 Augustinus,
746 2410 794 2445 et
820 2403 972 2444 subdit
999 2403 1155 2444 doctor
1184 2403 1361 2453 ibidem,
1388 2402 1547 2444 ‘Forte
1566 2401 1685 2449 dicis,
1716 2413 1804 2440 non
1824 2398 1927 2440 volo

137 2480 386 2535 praedicare,
407 2480 512 2534 quia
534 2482 607 2524 alii
634 2496 723 2524 non
751 2483 986 2537 proficiunt
1012 2483 1147 2524 verbo
1176 2483 1296 2537 quod
1325 2483 1548 2536 praedico;
1579 2480 1816 2533 respondet
1843 2478 1927 2520 tibi

137 2561 287 2602 divina
305 2559 517 2613 scriptura
534 2562 653 2614 quod
672 2564 813 2604 nescis
835 2563 1013 2617 quando
1032 2563 1169 2616 spirat
1185 2562 1377 2617 Spiritus
1393 2562 1491 2610 Dei,
1501 2568 1552 2602 .et
1568 2572 1700 2613 quem
1720 2539 1868 2611 spirat,
1882 2565 1929 2600 et

135 2653 286 2682 servus
315 2653 505 2692 nequam
535 2653 623 2682 non
651 2642 918 2697 dampnatus
947 2643 1119 2684 Mathei
1151 2643 1360 2684 vicesimo
1387 2642 1544 2696 quinto
1574 2639 1677 2692 quia
1703 2638 1778 2679 alii
1813 2638 1930 2680 male

136 2722 355 2770 vixerunt,
385 2718 464 2759 sed
498 2720 602 2773 quia
637 2721 736 2763 aliis
767 2724 950 2765 verbum
983 2724 1068 2764 Dei
1105 2737 1192 2764 non
1225 2723 1361 2773 dedit,
1393 2735 1472 2762 nec
1503 2720 1669 2760 donum
1705 2718 1791 2759 Dei
1829 2718 1927 2760 aliis

139 2799 474 2842 communicavit
503 2801 561 2841 ad
584 2814 693 2853 ,usus
718 2816 799 2857 pro
826 2804 983 2857 quibus
1012 2803 1135 2844 Deus
1168 2803 1274 2844 illud
1308 2800 1454 2844 dedit?
1509 2799 1619 2840 Haec
1649 2798 1707 2839 ibi
1736 2785 1928 2840 Sanctus

1004 2881 1019 2911 1
1045 2883 1067 2911 2
