2456 3210
689 322 821 358 LOCI
854 321 895 355 E
933 321 1099 356 LIBRO
1145 319 1492 355 VERITATCLW.
1919 321 1997 364 193

191 463 294 504 novi
333 471 563 517 promotos
601 477 696 506 esse
736 464 783 505 in
818 463 1003 506 ecclesia
1038 463 1114 517 qui
1153 463 1310 514 sciunt,
1338 466 1538 516 possunt,
1571 466 1615 502 et
1652 458 1808 501 volunt
1847 457 2000 500 debito

193 544 327 585 modo
357 544 589 586 animabus
623 544 847 598 prodesse,
879 544 958 585 sed
994 544 1069 598 qui
1098 543 1243 585 verbis
1273 542 1403 584 malis
1430 548 1476 584 et
1506 539 1726 595 exemplis
1755 539 1918 581 scirent
1953 552 2001 580 se

191 624 312 678 ipsos
342 625 575 666 animabus
605 625 793 666 multum
825 638 994 675 nocere,
1021 624 1271 676 omittendo
1296 623 1416 665 bona
1446 636 1581 676 opera
1610 620 1775 672 debita,
1804 626 1849 661 et
1879 632 2001 661 com-

193 704 328 745 missa
362 704 481 746 mala
509 705 698 759 plurima
732 705 886 755 facere,
920 705 995 758 qui
1031 718 1121 745 non
1152 703 1309 746 volunt
1338 704 1491 745 audire
1519 703 1740 753 veritates,
1770 707 1816 743 et
1842 706 2002 750 tacere,

193 784 220 826 i.
241 798 279 826 e.
313 784 398 826 illis
427 786 664 827 virtutibus
692 785 873 827 obedire
903 792 948 826 et
979 784 1077 825 illas
1106 798 1238 838 opere
1268 784 1467 838 implere.
1543 782 1722 825 Similes
1755 788 1860 823 sunt
1888 780 2003 822 tales

196 864 380 914 Herodi,
429 866 567 919 impio
617 866 721 920 regi,
762 866 838 919 qui
890 865 1096 906 Matthaei
1131 865 1193 918 ij⁰‚
1233 865 1462 919 quaerebat
1511 876 1697 917 puerum
1740 863 1895 916 Jesum
1943 860 2002 902 ad

192 946 468 1000 perdendum
500 960 618 996 eum,
638 954 683 988 et
709 947 766 987 ad
799 946 1091 988 occidendum
1116 959 1244 996 eum;
1276 947 1338 987 sic
1365 945 1479 987 tales
1508 945 1703 998 episcopi
1729 950 1774 985 et
1795 942 2002 997 promoti,

194 1031 241 1068 et
276 1027 322 1068 in
356 1041 494 1082 regno
528 1028 678 1082 magni
713 1028 881 1069 domini
919 1035 964 1068 et
1003 1027 1198 1068 officiarii
1238 1032 1443 1080 quaerunt
1483 1025 1719 1079 magistros
1758 1023 2005 1078 prurientes

193 1107 386 1156 auribus,
419 1108 447 1148 i.
470 1122 509 1149 e.
542 1122 693 1149 eorum
729 1108 857 1149 factis
889 1114 934 1149 et
965 1108 1111 1148 verbis
1141 1106 1367 1157 faventes3
1405 1113 1451 1148 et
1484 1106 1596 1148 tales
1628 1105 1768 1146 eciam
1798 1109 2005 1159 quaerunt

193 1188 348 1229 audire
385 1189 607 1238 veritates,
651 1196 697 1231 et
736 1190 940 1230 doctores
980 1202 1083 1230 vera
1132 1188 1330 1229 dicentes
1370 1194 1416 1229 et
1455 1187 1760 1242 praedicanteS,
1800 1190 1846 1226 et
1885 1184 2007 1226 dicta
2057 1226 2063 1230 ,

194 1281 347 1309 eorum
379 1282 495 1320 vera,
530 1275 576 1310 et
609 1276 882 1323 argumenta,
912 1269 1034 1310 falsis
1068 1268 1198 1309 dictis
1233 1274 1279 1310 et
1313 1267 1586 1321 argumentis
1622 1265 1853 1308 carnaliter
1884 1278 2005 1306 com-

196 1348 369 1398 mentis,
398 1363 499 1403 quae
527 1363 630 1392 caro
660 1356 706 1391 et
738 1350 918 1404 sanguis
949 1349 1012 1390 eis
1045 1348 1267 1400 revelavit,
1298 1348 1621 1402 reprehendant
1657 1353 1702 1388 et
1735 1346 2005 1399 improbent,

196 1434 243 1469 et
273 1429 393 1482 quod
420 1429 523 1472 licet
554 1431 628 1480 eis,
651 1430 821 1472 licitum
849 1431 907 1471 ab
933 1430 1030 1471 aliis
1060 1436 1250 1483 putetur,
1270 1435 1317 1470 et
1346 1436 1549 1482 quaerunt
1575 1427 1813 1469 veritatem·
1838 1426 2004 1474 audire,

194 1508 254 1549 ad
284 1510 559 1562 perdendum
586 1518 632 1552 et
659 1511 717 1552 ad
750 1511 1092 1565 improbandum
1117 1510 1252 1551 illam.
1312 1509 1429 1551 Novi
1454 1509 1573 1550 enim
1599 1509 1893 1550 communiter
1918 1508 2007 1547 usi-

196 1594 340 1630 tatum
371 1589 417 1631 in
436 1589 618 1645 Anglia,
647 1598 850 1645 tempore
873 1591 1066 1640 Henrici,
1090 1590 1211 1644 quod
1243 1590 1394 1644 magni
1424 1589 1596 1639 divites,
1620 1602 1847 1642 nunquam
1878 1587 2007 1629 electi

195 1669 255 1710 ad
288 1669 552 1723 dignitatem
586 1671 631 1713 in
667 1672 868 1721 ecclesia,
892 1672 1178 1725 optinuerunt
1205 1684 1232 1712 a
1258 1683 1362 1723 rege
1395 1670 1452 1711 ad
1480 1669 1804 1723 acceptandum
1833 1682 1862 1709 a
1887 1681 2007 1722 papa

197 1748 415 1802 Romano,
450 1752 487 1792 si
522 1766 621 1793 eam
655 1759 839 1807 possent
874 1766 901 1793 a
935 1765 1052 1806 papa
1091 1751 1334 1805 adquirere,
1370 1751 1667 1805 provisionem
1703 1749 1912 1804 papalem
1946 1749 2007 1790 ad

198 1842 507 1885 quamcunque
536 1832 812 1886 dignitatem,
845 1839 890 1874 et
925 1833 987 1873 sic
1022 1845 1103 1886 per
1136 1831 1345 1885 pecunias
1375 1831 1539 1872 multas
1570 1831 1730 1871 Romae
1760 1830 1928 1878 missas,
1962 1836 2008 1871 et

197 1923 279 1963 per
296 1911 566 1964 provisiones
585 1927 731 1967 papae,
751 1913 979 1954 licenciam
1001 1910 1098 1968 (sic)
1120 1912 1235 1966 regis
1261 1911 1456 1966 Angliae,
1478 1912 1661 1953 Henrici
1681 1910 1765 1964 vjfi,
1785 1916 2006 1965 optentas,

199 1988 377 2032 fuerunt
417 1992 638 2047 episcopi;
688 2000 735 2035 et
773 1994 847 2035 alii
894 1993 1008 2035 tales
1056 1993 1119 2034 sic
1167 1992 1345 2034 fuerunt
1388 1993 1545 2034 decani
1590 1992 1635 2032 in
1680 1991 2008 2034 cathedralibus

199 2068 406 2121 ecclesiis,
452 2072 569 2114 sicut
616 2072 699 2114 fuit
745 2074 956 2128 magister
999 2073 1217 2114 Ricardus
1261 2072 1470 2121 Andrevv,
1522 2073 1680 2114 doctor
1728 2072 1880 2120 civilis,
1931 2070 2007 2124 qui

200 2149 275 2200 sic,
303 2156 488 2203 optenta
526 2154 773 2206 provisione
812 2167 941 2208 papae
978 2153 1184 2195 Nicholai
1223 2154 1367 2207 quinti
1406 2154 1464 2195 ad
1503 2154 1770 2195 decanatum
1811 2151 2008 2193 ecclesiae

200 2228 465 2272 cathedralis
497 2231 698 2282 Eboraci,
732 2235 894 2276 cassari
927 2234 1031 2275 fecit
1066 2247 1145 2288 per
1183 2247 1348 2287 papam
1388 2234 1654 2276 eleccionem
1695 2232 1863 2274 domini
1895 2231 2008 2271 Wil-

201 2309 323 2350 lelmi
354 2309 679 2365 Bernyngham,
708 2313 836 2356 electi
877 2315 921 2355 in
951 2314 1076 2355 illum
1116 2314 1394 2365 decanatum,
1425 2320 1471 2356 et
1518 2314 1738 2356 canonicis
1778 2312 1840 2353 illi
1881 2312 2008 2352 resis-

202 2389 408 2441 tentibuS,
436 2404 492 2432 ne
519 2393 815 2446 provisionem
845 2409 973 2436 suam
1001 2384 1080 2449 per
1109 2408 1272 2448 papam
1300 2395 1556 2436 Romanum
1587 2394 1790 2447 impleret
1821 2407 1900 2435 nec
1927 2407 2008 2435 ex-

202 2475 468 2523 sequeretur,
495 2470 599 2513 fecit
630 2475 1014 2525 excommunicari,
1036 2481 1082 2516 et
1112 2475 1342 2516 ecclesiam
1373 2475 1672 2516 cathedralem
1706 2474 1860 2515 Sancti
1890 2474 2007 2515 Petri

205 2549 404 2591 Eborum
430 2563 511 2604 per
533 2565 696 2606 papam
716 2555 775 2596 ob
801 2555 1006 2597 omnibus
1035 2555 1206 2596 actibus
1236 2555 1395 2596 divinis
1423 2554 1727 2597 ecclesiasticis
1753 2567 1833 2607 per
1859 2553 2009 2607 plures

204 2629 476 2683 septimanas
510 2633 744 2686 suspendi;
779 2640 825 2676 et
854 2636 917 2677 sic
947 2617 1113 2677 factum
1144 2634 1237 2685 fuit,
1268 2640 1314 2676 et
1343 2634 1439 2689 ipse
1472 2635 1689 2676 Ricardus
1719 2633 1782 2674 sic
1814 2633 2011 2675 intrusus

204 2708 288 2750 fuit
317 2708 361 2750 in
391 2709 516 2750 illum
545 2711 837 2766 decanatum3
873 2722 919 2757 et
950 2715 1081 2756 simul
1110 2728 1212 2756 cum
1241 2714 1327 2756 hoc
1355 2714 1513 2756 habuit
1542 2716 1805 2756 decanatum
1836 2713 2009 2768 collegii

206 2787 503 2842 Laycesteriae
542 2791 666 2832 ducis
701 2791 982 2846 Lancastriae,
1012 2803 1058 2837 et
1093 2808 1193 2836 cum
1229 2794 1316 2836 inis
1347 2795 1518 2837 duabus
1556 2793 1841 2835 decanatibus
1876 2794 2012 2835 simul·

206 2868 385 2910 retinuit
424 2869 564 2912 multa
603 2870 816 2914 beneficia
854 2887 935 2928 per
970 2888 1112 2916 annos
1152 2874 1326 2928 plures:
1377 2876 1435 2916 ad
1476 2874 1656 2916 laudem
1696 2873 1782 2914 Dei
1822 2874 2014 2928 pecunia·

1070 2953 1097 2984 c
1119 2958 1142 2985 c
