2456 3210
699 329 831 367 LOCI
865 329 903 365 E
941 329 1108 366 LIBRO
1153 329 1498 366 VERITATUM.
1918 333 2000 378 205

205 473 515 528 Margaretatrx,
535 471 671 514 filiam
696 473 908 514 minorem
939 474 1063 515 ducis
1085 472 1317 528 Loringiae,
1338 473 1413 527 qui
1443 472 1683 514 vocabatur
1710 485 1788 513 rex
1812 472 2001 522 Ceciliae,

202 554 281 596 sed
321 553 452 595 nichil
491 554 595 596 inde
631 553 798 602 habuit,
841 553 1052 608 expulsus
1096 553 1199 596 inde
1236 567 1318 608 per
1362 566 1510 607 regem
1553 552 1720 595 malum
1759 552 2002 607 Aragoniae

202 634 474 686 Alfonsum;
513 648 602 688 quo
641 634 922 676 matrimonio
965 640 1203 685 contracto,
1243 635 1337 689 ipse
1382 634 1476 675 dux
1527 634 1707 675 recoesit
1755 634 1915 676 iterum
1958 635 2003 675 in

203 715 430 771 Angliam‚
467 722 512 758 et
545 715 731 770 pecunia
762 728 923 768 magna
954 715 1292 769 quintadecima:
1333 722 1378 757 et
1413 715 1597 757 decimae
1637 716 1682 756 in
1711 714 1878 770 Anglia
1914 715 2003 757 col-

203 797 330 849 lecta,
362 797 520 839 iterum
553 796 598 837 in
633 794 864 837 Franciam
898 796 1110 850 equitavit
1143 803 1188 838 et
1218 796 1453 850 navigavit,
1487 795 1545 836 ad
1585 795 1836 838 ducendum
1880 796 2002 838 illam

205 878 503 932 Margaretam
538 877 583 918 in
617 869 843 930 Angliam‚
878 883 927 917 ut
962 883 1077 918 esset
1109 889 1222 918 uxor
1254 877 1369 930 regis
1404 883 1448 918 et
1490 876 1653 930 regina,
1682 877 1760 918 sed
1801 883 2002 932 ternpore

204 958 464 1000 intermedio
519 957 801 1011 Francigenae
855 963 1156 999 arestaverunt
1204 970 1303 998 eam
1358 957 1565 1007 dicentes,
1615 960 1624 978 ‘
1648 956 1741 999 Ista
1789 957 1885 1011 jam
1934 964 2003 1000 est

204 1039 355 1093 regina
380 1037 559 1092 Angliae
589 1044 634 1080 et
663 1043 724 1088 tu,
756 1037 851 1079 dux
888 1037 1197 1087 Sowthfolciae‚
1234 1051 1322 1079 non
1356 1037 1495 1079 habes
1527 1037 1698 1079 salvum
1731 1039 2002 1081 conductum

205 1119 318 1173 regis
353 1119 490 1160 nostri
526 1118 720 1160 Franciae
754 1131 835 1172 pro
871 1132 934 1168 ea,
970 1118 1071 1160 ideo
1111 1125 1160 1160 tu
1196 1132 1285 1160 non
1318 1117 1502 1160 habebis
1537 1131 1635 1159 eam
1668 1118 1714 1159 in
1746 1118 1960 1174 Angliam
1976 1117 2003 1171 ς’

204 1206 250 1242 et
281 1200 377 1242 dux
409 1199 646 1254 praedictus
679 1198 775 1240 haec
805 1198 1085 1241 considerans
1119 1205 1164 1240 et
1204 1198 1351 1252 qualia
1386 1198 1469 1240 sibi
1510 1199 1592 1252 ipsi
1630 1198 1731 1240 duci
1771 1198 1927 1242 fierent
1957 1201 2002 1241 in

203 1279 381 1334 Anglia‚
409 1280 447 1322 si
476 1280 571 1334 ipse
599 1279 720 1322 illam
753 1280 798 1320 in
819 1279 1032 1333 Angliam
1064 1293 1152 1320 non
1182 1280 1373 1327 duceret,
1399 1279 1591 1333 optinuit
1619 1293 1647 1320 a
1677 1292 1780 1333 rege
1806 1279 2000 1334 Angliae,

206 1360 400 1403 Hem-ico
416 1355 585 1412 Sexto,
611 1359 960 1402 Cenomanniam
991 1366 1036 1401 et
1064 1359 1363 1413 Andigaviam
1393 1359 1488 1401 dari
1518 1360 1562 1400 in
1592 1366 1855 1413 perpetuum
1886 1362 2001 1414 patri

185 1439 320 1482 -illius
349 1441 524 1495 reginae,
553 1441 655 1482 duci
684 1439 918 1494 Loringiae,
949 1439 1072 1494 cujus
1108 1453 1269 1481 nomen
1298 1439 1380 1481 fuit
1409 1446 1637 1494 regnator3
1669 1446 1714 1481 et
1741 1441 1802 1483 sic
1836 1440 2001 1483 sactum

203 1521 300 1563 fuit.
354 1521 416 1564 Et
438 1522 590 1563 statim
617 1528 773 1576 postea
797 1534 878 1562 rex
899 1520 1089 1574 Angliae‚
1113 1520 1333 1562 Henricus
1353 1519 1534 1568 Sextus,
1562 1521 1753 1575 perdidit
1781 1522 2002 1564 Norman-

203 1601 323 1642 niam
362 1608 409 1644 et
447 1601 690 1653 Franciam,
728 1615 875 1656 quam,
905 1601 999 1642 sine
1033 1600 1151 1642 bello
1188 1608 1235 1643 et
1274 1602 1376 1652 ictu,
1407 1601 1678 1655 Franciginae
1719 1603 2003 1656 optinuerunt

165 1666 231 1722 —a
272 1682 474 1724 manibus
516 1695 755 1736 paucorum
793 1681 1046 1736 Anglorum
1096 1681 1154 1722 ibi
1195 1681 1516 1732 existencium;
1565 1688 1610 1723 et
1650 1683 1801 1724 statim
1845 1690 2002 1737 postea

202 1762 395 1816 perdidit
434 1777 515 1804 rex
542 1763 661 1804 idem
691 1762 871 1816 Angliae
900 1761 1167 1803 Vasconiam
1180 1777 1192 1809 ;
1240 1769 1285 1803 et
1320 1775 1455 1816 regno
1488 1761 1680 1816 AngHae,
1704 1764 2001 1811 ¹occisionibus

203 1842 504 1897 episcoporum
541 1851 586 1886 et
619 1844 911 1893 dominorum,
938 1850 1043 1884 tunc
1079 1842 1267 1883 multum
1298 1843 1564 1896 perturbatO,
1595 1844 1745 1897 regina
1776 1844 1850 1886 illa
1882 1845 2001 1887 Mar-

202 1928 367 1976 gaeta,
397 1937 497 1966 cum
530 1938 618 1978 qua
649 1937 729 1966 nec
758 1924 952 1965 valorem
983 1937 1016 1963 x
1048 1936 1292 1964 marcarum
1323 1936 1506 1976 regnum
1537 1925 1711 1978 recepit,
1742 1925 1867 1979 plura
1897 1926 2001 1968 fecit

204 2002 249 2042 in
288 2015 423 2056 regno
460 2004 652 2058 Angliae,
694 2011 743 2046 ut
784 2004 984 2054 creditur,
1027 2010 1263 2057 postquam
1305 2004 1487 2046 maritus
1531 2018 1647 2056 suus,
1689 2019 1768 2047 rex
1809 2006 1998 2060 Angliae,

178 2082 358 2124 -incidit
381 2083 427 2124 in
453 2085 729 2126 manifestam
755 2084 1021 2135 stulticiam;
1047 2090 1092 2125 et
1112 2084 1259 2137 qualia
1283 2091 1521 2139 sequentur
1548 2100 1606 2127 ex
1633 2087 1793 2140 reginae
1815 2088 1998 2137 actibus,

204 2175 320 2204 anno
349 2162 531 2205 Domini
558 2173 680 2219 1457,
712 2165 835 2206 Deus
866 2165 960 2206 scit.

320 2248 370 2292 [p.
392 2249 483 2292 59¹·]
543 2243 768 2287 Haraldus
795 2245 852 2286 de
880 2246 1014 2286 armis
1044 2245 1158 2298 regis
1180 2244 1375 2287 Franciae
1396 2245 1564 2297 Karoli,
1586 2247 1628 2287 in
1657 2254 1855 2301 tempore
1885 2250 1999 2301 regis

208 2322 390 2364 Henrici
410 2322 553 2373 Sexti,
569 2323 741 2378 juravit,
761 2339 841 2380 per
861 2325 1008 2366 Deum
1030 2332 1073 2366 et
1104 2339 1181 2379 per
1208 2326 1352 2378 ipsum
1373 2325 1589 2368 Karolum
1616 2341 1765 2381 regem
1789 2328 1997 2378 Frandae,

175 2403 420 2456 -armigero
439 2401 619 2457 Angliae
644 2404 702 2446 de
729 2404 1023 2447 Somersethir
1048 2411 1205 2447 vocato
1226 2405 1344 2448 Sanc
1366 2406 1494 2458 Barb,
1515 2408 1634 2461 quod
1666 2407 1759 2460 ipse
1794 2407 1999 2450 haraldus

204 2495 426 2524 armorum
461 2483 627 2525 audivit
661 2497 809 2539 regem
845 2485 1043 2527 Franciae
1078 2485 1297 2527 dicentem
1334 2488 1452 2540 quod
1489 2500 1567 2528 rex
1604 2487 1782 2540 Angliae
1816 2489 1999 2542 praedic-

205 2569 290 2614 tus,
325 2576 426 2604 cum
465 2576 680 2605 consensu
718 2565 988 2607 diversorum
1022 2567 1301 2607 dominorum
1341 2568 1398 2608 de
1437 2567 1617 2609 consilio
1652 2567 1849 2620 ejusdem
1885 2570 2000 2622 regis

204 2643 401 2698 Angliae,
429 2644 554 2686 dedit
577 2650 623 2686 et
646 2647 861 2689 concessit
892 2647 983 2701 regi
1015 2653 1059 2688 et
1089 2660 1263 2689 coronae
1294 2646 1490 2690 Franciae
1521 2661 1673 2689 omnes
1703 2653 1841 2688 terras
1871 2655 1999 2691 extra

204 2723 420 2777 Angliam
450 2737 560 2777 quas
594 2723 713 2766 idem
742 2739 824 2769 rex
851 2726 1030 2781 Angliae
1062 2726 1228 2777 habuit,
1258 2741 1335 2769 seu
1366 2741 1415 2769 se
1448 2727 1654 2768 habuisse
1684 2728 1998 2782 praetendebat,

206 2804 406 2858 exceptis
435 2803 573 2845 tribus
606 2803 726 2856 locis,
754 2818 814 2847 sc.
840 2806 959 2848 Villa
988 2809 1046 2850 de
1081 2807 1218 2861 Calys
1252 2814 1297 2850 et
1326 2808 1505 2850 castello
1538 2807 1714 2861 Hamys
1744 2814 1788 2849 et
1818 2810 1999 2852 castello

206 2883 354 2938 Kynis
374 2882 507 2937 juxta
527 2882 750 2936 Calisiam‚
770 2891 815 2927 et
833 2885 929 2929 haec
950 2901 1044 2930 esse
1064 2901 1166 2930 vera
1187 2887 1349 2941 juravit
1370 2902 1448 2942 per
1474 2888 1619 2929 Deum
1646 2887 1764 2929 idem
1792 2888 1999 2932 haraldus
