2456 3210
685 325 892 361 LOCI·E
928 324 1096 360 LIBRO
1142 322 1488 359 VERJTATUM.
1908 329 1986 359 221

189 469 314 512 ducis
353 469 608 524 Lotringiae,
648 469 724 523 qui
763 469 1003 510 vocabatur
1036 482 1116 509 rex
1159 467 1348 518 Ceciliae,
1379 467 1461 508 fuit
1502 473 1641 521 nupta
1682 467 1772 521 regi
1810 466 1990 522 Angliae

191 550 386 592 Henrico
418 549 560 600 Sexti,
590 549 750 591 mediis
782 548 994 589 Willelmi
1026 548 1145 599 Pule,
1174 554 1281 590 tunc
1313 548 1438 589 ducis
1470 547 1736 599 Sufsolchiae,
1769 554 1875 589 tunc
1911 561 1990 588 rex

188 629 382 685 Angliae,
424 630 644 673 Henricus
685 629 863 680 Sextus,
907 629 983 683 qui
1022 629 1147 671 dedit
1186 634 1325 670 terras
1365 643 1465 669 suas
1509 625 1553 669 in
1598 628 1777 682 Anglia,
1817 642 1991 670 coronae

189 710 370 765 Angliae
403 711 589 762 debitas,
614 711 797 752 diversis
827 710 1018 751 dominis
1046 711 1090 750 in
1121 708 1289 763 Anglia
1325 716 1370 751 et
1401 709 1628 758 militibus,
1659 715 1704 750 et
1731 708 1827 750 aliis
1857 709 1991 750 servis

190 793 293 843 suis,
313 798 358 833 et
386 805 538 834 eorum
558 790 806 832 haeredibus
834 796 879 831 et
901 790 1148 844 assignatis,
1168 790 1306 841 dedit,
1333 789 1477 844 sigillo
1505 803 1584 831 suo
1611 790 1733 843 regio
1755 795 1801 831 et
1828 803 1991 843 magno

190 873 304 926 regis
343 872 534 927 Angliae,
574 871 923 914 Cenomanniam
963 877 1008 912 et
1042 870 1352 925 Andegaviam
1393 870 1508 925 patri
1547 870 1772 924 praedictae
1813 870 1991 924 Marga-

191 960 298 994 retae
339 953 501 1007 reginae
536 960 581 995 et
616 952 753 1007 ipsius
788 953 926 1006 patris
955 951 1219 1001 haeredibus,
1254 964 1356 992 cum
1393 964 1480 1004 qua
1515 950 1665 1005 regina
1700 965 1781 991 rex
1810 950 1991 1005 Angliae

190 1040 237 1075 et
266 1033 433 1088 Anglia
463 1047 550 1075 non
580 1033 746 1087 recepit
774 1039 914 1074 terras
944 1045 1024 1073 nec
1055 1031 1247 1082 divicias,
1273 1031 1351 1072 sed
1382 1031 1577 1072 diversas
1608 1031 1816 1073 miserias.

307 1114 411 1156 Rex
438 1113 631 1168 Angliae,
660 1113 880 1155 Henricus
911 1112 1091 1161 Sextus,
1120 1112 1258 1163 dedit,
1288 1111 1371 1153 sub
1398 1112 1542 1166 sigillo
1572 1126 1653 1153 suo
1685 1125 1859 1165 magno,
1886 1112 1992 1154 civi-

189 1200 331 1236 tatem
378 1193 675 1236 cenomannis
724 1207 825 1235 cum
867 1192 1173 1234 Cenomannia
1222 1198 1267 1233 et
1317 1192 1539 1234 civitatem
1582 1192 1840 1246 Andegavis
1888 1207 1989 1234 cum

189 1273 467 1329 Andegavia,
495 1274 700 1328 Anglice,
730 1273 908 1328 Awnoy
942 1274 1031 1314 and
1068 1273 1222 1327 Mayn,
1255 1273 1371 1327 patri
1407 1273 1567 1327 reginae
1598 1272 1777 1326 Angliae
1812 1273 1991 1328 Marga-

190 1362 296 1397 retae
337 1362 383 1397 et
416 1355 665 1397 haeredibus
699 1355 836 1410 patris
871 1354 985 1395 illius
1021 1353 1184 1408 reginae
1221 1353 1498 1407 Margaretae,
1529 1361 1573 1395 et
1603 1354 1663 1395 sic
1697 1355 1911 1396 concessit
1946 1360 1991 1396 et

189 1435 315 1477 dedit
349 1449 429 1477 rex
467 1434 658 1490 Angliae,
701 1435 920 1477 Henricus
958 1434 1065 1487 vjm,
1109 1434 1456 1476 Cenomanniam
1497 1440 1542 1475 et
1581 1432 1891 1488 Andegaviam
1931 1435 1989 1476 ad

189 1516 455 1570 peticionem
490 1516 651 1570 reginae
685 1530 777 1557 suae
813 1515 1090 1568 Margaretae‚
1122 1514 1224 1556 filiae
1265 1515 1388 1556 ducis
1417 1515 1670 1568 Lotringiae‚
1701 1516 1776 1569 qui
1815 1516 1991 1557 vocavit

189 1596 383 1651 seipsum
418 1610 567 1652 regem
602 1596 790 1644 Ceciliae,
827 1602 872 1637 et
903 1603 1054 1637 tamen
1088 1609 1167 1636 nec
1207 1595 1511 1636 obedienciam
1547 1609 1628 1636 nec
1668 1597 1899 1649 pecuniam
1931 1597 1989 1638 ab

189 1676 266 1717 illo
306 1691 452 1731 regno,
484 1678 664 1719 subdito
694 1683 799 1718 tunc
829 1677 921 1730 regi
952 1676 1226 1730 Arragoniae‚
1262 1677 1452 1729 recepit;
1494 1683 1539 1718 et
1575 1677 1724 1731 regina
1753 1678 1837 1719 ista
1878 1692 1989 1731 prae-

189 1754 308 1796 dicta
337 1755 470 1809 peciit
499 1769 527 1796 a
558 1769 659 1809 rege
690 1753 869 1808 Angliae
899 1754 961 1795 sic
991 1753 1086 1794 dari
1119 1753 1235 1806 patri
1267 1767 1358 1803 suo,
1386 1767 1464 1807 per
1493 1753 1751 1796 instanciam
1776 1754 1988 1796 Willelmi

191 1833 328 1883 Pulle,
362 1835 486 1876 ducis
523 1834 826 1885 Suthfolchiae,
863 1841 907 1875 et
948 1834 1098 1874 uxoris
1138 1847 1240 1883 suae,
1273 1834 1348 1887 qui
1383 1841 1514 1875 antea
1553 1835 1615 1875 sic
1649 1836 1742 1888 peti
1777 1836 1987 1889 promise-

190 1920 317 1964 rant3
368 1922 413 1956 et
459 1915 616 1957 dicitur
664 1916 722 1957 ab
765 1914 982 1968 aliquibus
1029 1914 1149 1967 quod
1196 1914 1290 1968 ipse
1337 1914 1432 1955 dux
1478 1914 1721 1968 Lotn'ngiae
1767 1915 1988 1968 juraverat

190 1995 400 2048 praedicto
439 1997 539 2037 duci
586 2002 629 2037 et
669 1996 865 2046 ducissae,
906 1995 1025 2048 quod
1070 1994 1165 2048 ipse
1202 1995 1435 2036 efficaciter
1482 1995 1705 2036 laboraret
1751 2010 1831 2049 pro
1878 2010 1987 2049 pace

191 2075 311 2115 finali
349 2075 553 2117 habenda
592 2077 707 2118 inter
735 2075 949 2130 Angliam
987 2081 1032 2116 et
1069 2074 1312 2125 Franciam,
1344 2075 1381 2115 si
1421 2089 1502 2116 rex
1536 2074 1728 2129 Angliae‚
1764 2078 1831 2117 cui
1863 2077 1987 2117 dedit

190 2154 328 2196 filiam
371 2150 496 2197 suain
535 2156 834 2211 Margaretam
879 2156 923 2196 in
970 2169 1167 2202 uxorem,
1208 2155 1334 2196 daret
1380 2155 1462 2209 ipsi
1511 2156 1611 2197 duci
1654 2155 1893 2210 Lotringiae
1942 2163 1987 2197 et

190 2234 437 2276 haeredibus
475 2235 564 2277 suis
601 2236 646 2277 in
686 2243 949 2291 perpetuum
982 2234 1329 2276 Cenomanniam
1371 2242 1416 2277 et
1455 2235 1780 2290 Andegaviam,
1820 2243 1864 2277 et
1907 2250 1986 2277 rex

190 2314 381 2369 Angliae,
414 2314 632 2357 Henricus
663 2316 843 2367 Sextus,
877 2317 938 2358 sic
976 2316 1058 2357 sub
1099 2315 1243 2369 sigillo
1283 2303 1362 2357 suo
1403 2316 1539 2367 dedit,
1578 2323 1623 2357 et
1664 2316 1984 2369 possessionem

162 2395 373 2437 —tradidit
411 2408 489 2448 per
522 2397 781 2450 magistrum
816 2396 968 2438 Adam
1002 2395 1190 2447 Molens,
1225 2395 1479 2450 episcopum
1515 2403 1618 2438 tunc
1651 2394 1984 2445 Cicestrensem‚

190 2476 267 2529 qui
306 2474 488 2516 tradidit
516 2476 727 2529 praedicta
757 2477 802 2518 in
833 2477 1155 2531 possessionem
1187 2475 1398 2529 praedicto
1438 2477 1550 2527 duci,
1576 2476 1760 2529 jubente
1794 2476 1856 2516 sic
1892 2476 1986 2517 fieri

191 2569 295 2609 rege
334 2554 511 2609 Angliae
550 2556 762 2609 praedicto
808 2563 854 2598 et
898 2557 1081 2599 concilio
1130 2570 1222 2607 suo,
1262 2570 1322 2598 sc.
1362 2556 1534 2598 duobus
1579 2556 1763 2597 ducibus
1807 2562 1852 2596 et
1896 2570 1985 2597 uno

192 2634 532 2689 archiepiscopo,
560 2636 635 2689 qui
666 2636 728 2677 sic
758 2643 1071 2679 consenserunt
1101 2636 1306 2690 peticioni
1336 2638 1450 2692 regis
1476 2635 1653 2690 Angliae
1683 2635 1800 2688 apud
1830 2635 1985 2677 fratres

191 2716 501 2770 praedicatores
536 2714 790 2767 Londoniis,
826 2718 902 2759 ubi
941 2724 1029 2759 tres
1074 2716 1271 2770 praedicti
1312 2717 1478 2758 domini
1522 2722 1833 2758 consenserunt
1874 2717 1986 2770 peti·

191 2796 306 2838 cioni
340 2796 452 2850 regis
483 2795 675 2849 Angliae,
706 2798 826 2851 quod
859 2798 1096 2853 praedictus
1132 2797 1283 2838 Adam
1316 2798 1548 2851 episcopus
1584 2795 1842 2837 deliberaret
1881 2810 1984 2850 pos-

191 2876 431 2918 sessionem
462 2877 769 2929 praedictorum
799 2878 1006 2931 praedicto
1038 2877 1136 2919 duci
1171 2877 1423 2932 Lotringiae.
