2456 3210
635 246 767 294 Loc']
801 257 841 292 E
879 258 1045 294 LIBRO
1090 258 1436 294 VERJTATUM.
1887 263 1943 306 25

133 400 251 443 enim
277 412 364 442 non
389 400 548 442 timent
576 414 759 455 peccare
788 401 891 455 quia
919 415 1008 442 non
1035 401 1216 455 punitur
1240 407 1473 455 peccatum
1495 401 1538 442 in
1559 400 1655 442 aliis
1674 400 1941 452 hominibus,

133 486 182 522 et
220 481 324 535 quia
366 495 454 522 non
495 481 746 534 puniuntur,
786 481 972 523 credunt
1010 480 1120 522 illud
1165 481 1285 535 quod
1334 487 1401 523 oet
1441 487 1672 536 peccatum
1715 495 1804 523 non
1843 496 1942 524 esse

132 568 379 615 peccatum.

250 647 298 690 [p.
323 647 416 690 336]
460 641 615 695 Magni
645 641 788 683 meriti
822 647 926 682 sunt
961 640 1037 694 qui
1075 646 1229 684 contra
1261 647 1482 696 praecepta
1515 654 1667 695 regum
1702 649 1747 684 et
1786 648 1943 684 contra

135 721 459 763 mundanorum
498 722 665 764 litteras
703 721 936 764 conferunt
974 721 1119 762 officia
1154 726 1203 762 et
1240 721 1448 763 ecclesias
1483 722 1648 764 talibus
1685 722 1944 764 hominibus

132 801 296 854 quibus
325 801 450 844 Deus
477 803 686 856 praecepit
715 801 760 843 in
789 801 910 842 libris
939 801 1167 855 scripturae
1194 801 1339 843 officia
1369 802 1564 844 conferri.

250 887 296 931 [p.
319 887 412 931 338]
454 882 573 924 Novi
603 882 721 924 enim
751 895 888 923 unum
916 880 1149 922 hominem
1174 895 1275 923 xxv
1301 895 1520 924 annorum
1550 882 1598 926 in
1625 888 1773 933 aetate,
1794 888 1842 925 et
1871 889 1942 925 est

134 961 261 1015 quasi
282 961 428 1004 fatuus
452 963 662 1005 naturalis
687 976 716 1004 a
742 976 822 1003 sua
843 961 1078 1015 juventute
1107 967 1153 1002 et
1182 961 1272 1003 fere
1292 962 1456 1004 cotidie
1474 963 1632 1014 ebrius,
1652 970 1700 1006 et
1718 963 1805 1005 hiis
1828 977 1943 1005 non-

133 1041 414 1084 obstantibus
433 1050 661 1097 promotus
682 1050 750 1084 est
770 1043 815 1083 in
838 1041 1024 1083 ecclesia
1042 1041 1101 1082 ad
1126 1054 1262 1082 unum
1287 1056 1498 1097 magnum
1518 1043 1939 1095 archidiaconatum,

134 1127 183 1163 et
207 1122 267 1163 ad
290 1122 353 1176 xij
379 1123 639 1177 praebendas
667 1123 712 1164 in
742 1122 926 1164 diversis
952 1121 1157 1172 ecclesiis,
1177 1128 1224 1163 et
1248 1128 1401 1164 tamen
1427 1125 1568 1165 nescit
1594 1123 1716 1178 loqui
1744 1138 1941 1179 congrue

134 1200 360 1254 Latinum,
380 1209 426 1245 et
454 1217 568 1245 unus
597 1203 734 1245 laicus
763 1203 918 1256 recipit
947 1202 1098 1243 omnia
1126 1202 1244 1244 bona
1270 1217 1352 1244 sua
1379 1210 1425 1246 et
1451 1204 1621 1245 nullum
1646 1205 1725 1246 dat
1752 1206 1794 1246 ei
1818 1219 1940 1246 com-

136 1288 305 1334 potum,
325 1283 429 1336 quia
448 1296 538 1324 non
565 1290 634 1325 est
660 1297 808 1337 capax
831 1282 1059 1336 compoti3
1089 1289 1135 1323 et
1161 1282 1281 1324 idem
1309 1283 1447 1325 laicus
1472 1285 1632 1327 retinet
1651 1286 1800 1327 omnia
1818 1286 1939 1326 bona

134 1361 320 1403 istorum
351 1362 663 1405 beneficiorum
697 1370 743 1404 et
778 1363 963 1404 exhibet
996 1362 1259 1416 praedictum
1293 1363 1466 1406 fatuum
1506 1366 1564 1406 ad
1597 1379 1857 1407 communas
1891 1366 1937 1406 in

133 1442 271 1484 domo
298 1442 487 1492 alterius,
518 1450 565 1485 et
600 1457 826 1497 nunquam
859 1443 1023 1484 mansit
1057 1456 1140 1484 nec
1171 1443 1352 1498 aliquod
1380 1445 1548 1487 bonum
1576 1445 1680 1488 fecit
1711 1446 1758 1487 in
1787 1446 1943 1499 aliqua-

133 1521 372 1576 praebenda
401 1537 492 1575 sua,
522 1524 723 1577 quamvis
751 1523 908 1565 habuit
935 1522 999 1576 xij
1027 1523 1289 1576 praebendas
1320 1525 1467 1576 simul,
1495 1540 1578 1568 nec
1609 1540 1805 1581 unquam
1835 1527 1937 1568 visi-

134 1602 247 1645 tavit
264 1616 395 1643 suum
415 1603 831 1652 archidiaconatum,
853 1603 959 1657 quia
977 1603 1161 1645 noecivit
1180 1611 1301 1646 recte
1319 1604 1456 1659 loqui,
1476 1620 1558 1648 nec
1578 1614 1697 1649 recte
1715 1608 1899 1661 operari.

250 1688 295 1732 [μ
317 1688 412 1733 339]
453 1683 571 1725 Novi
592 1685 710 1725 enim
730 1697 867 1725 unum
887 1683 1128 1732 hominem,
1140 1684 1271 1726 valde
1291 1685 1532 1728 inhabilem
1546 1688 1606 1729 ad
1621 1687 1938 1734 sacerdocium,

134 1762 212 1816 qui
230 1762 358 1805 dedit
382 1763 505 1804 mille
528 1777 699 1806 marcas
725 1771 781 1816 et>
795 1764 1109 1818 quadrigentas
1135 1777 1218 1817 pro
1242 1779 1333 1807 una
1352 1767 1601 1820 provisione
1620 1768 1703 1809 sibi
1723 1768 1940 1821 acquisita

135 1848 184 1884 et
211 1855 418 1885 concessa
445 1857 474 1885 a
502 1857 621 1898 papa
649 1844 865 1898 Eugenio,
885 1850 931 1885 et
960 1858 1044 1897 pro
1073 1845 1341 1887 execucione
1370 1846 1570 1900 ejusdem
1601 1848 1861 1901 provisionis
1890 1849 1937 1888 in

136 1934 227 1963 uno
262 1922 492 1975 decanatu,
521 1930 568 1966 et
602 1930 753 1966 tamen
788 1938 880 1965 non
916 1924 1124 1966 obstante
1156 1926 1417 1978 provisione,
1449 1934 1495 1968 et
1536 1928 1674 1969 eciam
1714 1929 1829 1982 regis
1869 1928 1936 1969 sui

136 2001 359 2054 mandam,
378 2002 454 2057 qui
484 2004 711 2046 mandavit
738 2004 937 2059 capitulo
960 2005 1472 2048 excommunicacionem
1500 2007 1605 2058 fieri,
1627 2022 1716 2049 non
1742 2009 1938 2063 optinuit

136 2092 222 2122 nec
251 2080 407 2124 habuit
440 2083 631 2125 eundem
664 2085 943 2136 decanatum,
975 2090 1022 2126 et
1055 2084 1254 2138 pluribus
1286 2089 1485 2141 pecuniis
1520 2088 1679 2139 effusis,
1714 2089 1834 2131 idem
1868 2089 1934 2129 in·

136 2158 300 2201 habilis
325 2160 467 2203 factus
506 2169 575 2205 est
605 2164 850 2218 episcopm,
881 2171 927 2206 et
959 2165 1129 2206 dimisit
1153 2164 1229 2218 jus
1262 2180 1391 2208 suum
1422 2169 1481 2210 ad
1514 2168 1626 2210 illud
1656 2170 1934 2216 decanatum,

138 2244 185 2280 et
213 2238 287 2280 ille
316 2241 392 2294 qui
426 2242 591 2284 electus
621 2243 703 2285 suit
731 2245 778 2284 in
809 2245 1038 2294 decanum,
1070 2245 1146 2298 qui
1177 2259 1267 2287 non
1299 2246 1380 2289 fuit
1411 2249 1611 2302 provisus
1645 2263 1724 2302 per
1758 2261 1934 2302 papam,

138 2317 281 2360 factus
309 2326 378 2362 &t
407 2321 572 2363 ibidem
602 2324 806 2375 decanus,
836 2331 882 2366 et
914 2325 1098 2379 quidam
1128 2326 1361 2380 episcopus
1395 2328 1524 2369 maJae
1560 2329 1784 2376 memoriae
1817 2328 1936 2368 dixit

137 2398 228 2453 regi
259 2398 374 2441 illius
401 2402 525 2454 regni
553 2402 598 2443 in
627 2417 717 2457 quo
747 2404 843 2446 haec
871 2411 974 2446 acta
1002 2412 1116 2454 sunt,
1139 2407 1259 2460 quod
1286 2421 1398 2462 opus
1420 2408 1588 2450 bonum
1618 2409 1701 2449 fuit
1730 2415 1775 2449 et
1803 2408 1936 2448 meri-

137 2478 298 2520 torium
338 2479 415 2520 tali
453 2480 546 2522 vim
588 2483 893 2538 episcopatum
927 2486 1179 2535 concedere,
1214 2493 1264 2528 ut
1306 2488 1420 2529 inter
1454 2489 1599 2542 ipsum
1634 2487 1855 2541 provisum
1886 2493 1935 2529 et

137 2557 274 2599 alium
293 2556 484 2600 electum
501 2560 548 2601 in
566 2562 830 2605 decanatum
849 2564 912 2607 sic
938 2565 1147 2615 finiretur,
1168 2572 1214 2607 et
1241 2573 1290 2608 ut
1317 2567 1722 2610 excommunicacio
1745 2566 1932 2618 illorum,

137 2638 214 2692 qui
253 2636 395 2679 electo
429 2638 475 2679 in
509 2639 729 2684 decanum
762 2652 1075 2687 consenserunt
1109 2654 1156 2688 et
1186 2647 1409 2700 provisum
1439 2648 1499 2689 ab
1533 2647 1800 2688 execucione
1837 2661 1934 2689 suae

138 2716 398 2771 provisionis
438 2718 768 2783 impediverunt,
811 2723 1034 2777 finiretur;
1094 2732 1141 2767 et
1185 2727 1252 2768 sic
1297 2741 1377 2781 per
1420 2726 1627 2780 pecunias
1672 2726 1812 2777 datas,
1854 2727 1931 2781 qui

138 2796 508 2839 excommunicati
550 2797 729 2842 fuerunt
766 2802 825 2844 ab
861 2803 1042 2845 homine
1085 2805 1274 2847 absoluti
1322 2812 1445 2848 erant
1491 2805 1549 2846 ab
1593 2805 1797 2855 homine3
1850 2808 1930 2848 sed

1018 2882 1046 2912 Ε
