2456 3210
413 179 468 232 58
915 185 1047 221 LOCI
1081 184 1120 219 E
1158 183 1322 218 LIBRO
1371 182 1714 217 VERJTATUM.

415 330 580 370 amicos
620 342 722 370 suos
762 328 956 370 carnales
998 328 1137 382 magis
1178 318 1313 381 quarn
1366 327 1525 374 Deum,
1567 326 1641 379 qui
1681 338 1769 366 non
1810 324 2037 366 conferunt
2075 320 2216 364 officia

419 409 722 459 ecclesiastica,
751 423 810 450 sc.
838 410 1126 463 episcopatus,
1153 409 1371 458 rectorias‚
1399 414 1444 448 et
1472 407 1559 448 alia
1585 406 1740 457 officia,
1765 405 1850 447 illis
1877 406 1953 459 qui
1988 405 2142 453 sciunt,
2173 408 2218 444 et

418 495 611 543 possunt,
635 495 680 530 et
698 489 852 530 volunt
874 489 1059 530 sciencia
1081 494 1125 530 et
1145 488 1236 529 vita
1258 494 1301 529 et
1322 488 1520 529 doctrina
1541 487 1719 541 plures
1708 501 1752 527 1n
1772 486 2005 527 virtutibus
2022 484 2219 526 Domino

416 570 653 622 acquirere,
675 570 752 610 sed
774 569 925 610 amicis
946 569 1034 610 suis
1061 569 1308 610 carnalibus
1329 568 1568 617 conferunt,
1591 574 1640 609 ut
1661 568 1858 609 ditentur
1882 572 1926 608 et
1951 566 2222 606 honorentur

418 649 684 702 pinguedine
713 655 839 690 terrae
870 649 927 690 de
956 649 1082 690 bonis
1114 648 1306 690 ecclesiae
1332 649 1446 690 datis
1467 663 1494 690 a
1516 649 1615 690 Deo
1646 650 1689 689 in
1719 653 2008 701 augmentum
2036 657 2218 699 operum

419 729 636 771 bonorum
667 735 712 770 et
742 735 921 771 actuum
952 730 1254 784 spiritualium,
1283 736 1333 771 ut
1365 735 1552 771 testatur
1585 715 1775 771 Sanctus
1804 728 2056 781 Jeronimus
2090 737 2223 778 super

420 810 670 864 Epistolam
690 811 748 852 ad
769 810 934 861 Titum,
953 811 997 852 in
1013 810 1352 852 Commentariis
1373 811 1474 853 suis.
1525 810 1727 852 Honorat
1744 810 1860 851 enim
1881 808 2070 850 amicum
2093 818 2221 847 suum

421 890 640 932 carnalem
670 892 811 946 magis
833 905 967 945 quam
990 892 1150 937 Deum,
1173 892 1247 945 qui
1278 905 1403 933 suam
1434 892 1657 945 propriam
1687 890 1732 931 in
1762 904 1815 931 eo
1846 889 2001 943 implet
2019 886 2223 929 volunta-

421 978 523 1022 tem,
545 978 590 1012 et
611 985 699 1013 non
724 972 810 1014 Dei
831 973 1078 1026 imperium.
1138 972 1261 1013 Talis
1286 986 1373 1014 non
1400 971 1505 1013 facit
1525 973 1637 1013 sicut
1658 971 1759 1012 fecit
1779 970 1917 1023 Judas
1939 967 2222 1016 Maehabeus

421 1053 496 1105 qui
529 1052 663 1106 elegit
698 1054 946 1094 sacer-dotes
989 1053 1106 1094 ‘sine
1142 1053 1314 1094 macula
1349 1052 1622 1093 voluntatem
1657 1051 1871 1092 habentes
1906 1050 1950 1090 in
1991 1048 2088 1103 lege
2124 1047 2223 1096 Dei,

422 1138 467 1173 et
489 1146 561 1173 mu
595 1134 810 1175 daverunt
838 1131 1015 1184 sancta‚'
1045 1133 1070 1173 i.
1085 1148 1122 1175 e.
1155 1133 1384 1187 templum,
1406 1133 1547 1187 primo
1573 1129 2031 1183 Maehabeorum1iij0.
2092 1128 2224 1168 Mun·

456 1147 794 1298 anslssccfgg‘ssam
818 1214 891 1268 qui
915 1213 1151 1255 reformant
1173 1213 1426 1268 parochiam
1458 1226 1581 1254 suam
1602 1211 1672 1253 vel
1697 1212 1920 1252 diocesim.
1982 1210 2086 1263 Ips'e
2107 1200 2224 1249 enim

423 1299 491 1334 est
523 1293 664 1334 malus
695 1300 838 1335 rector
867 1308 943 1335 seu
975 1294 1205 1336 officiarius
1244 1294 1437 1335 ecclesiae
1468 1293 1542 1347 qui
1583 1306 1671 1333 non
1710 1291 1813 1333 facit
1855 1291 1929 1331 illa
1960 1280 2093 1344 oper'a
2124 1301 2226 1342 quae

421 1373 584 1414 faceret
612 1380 656 1415 et
687 1374 760 1427 qui
793 1374 899 1416 facit
931 1389 1064 1429 opera
1100 1375 1316 1416 contraria
1350 1374 1435 1415 illis
1465 1388 1563 1427 quae
1598 1373 1772 1414 faceret.
1835 1371 1961 1425 Opus
1991 1369 2129 1412 curati
2159 1374 2228 1410 est

426 1454 732 1508 evangelizare
764 1461 809 1496 et
844 1455 1068 1497 testificari
1100 1455 1265 1509 judicia
1305 1455 1391 1496 Dei
1431 1461 1476 1496 et
1512 1467 1611 1508 quae
1649 1453 1744 1494 vult
1785 1452 1908 1493 Deus
1949 1441 2229 1491 manifestare

425 1533 591 1587 populo
622 1535 719 1579 Dei,
755 1541 799 1576 et
831 1534 916 1577 hoc
948 1536 1082 1576 verbo
1116 1543 1247 1586 recto,
1279 1542 1323 1577 et
1355 1534 1602 1583 manifesto,
1637 1540 1681 1590 et
1713 1533 1816 1581 vita,
1852 1538 1896 1573 et
1930 1530 2149 1584 exempIO,
2182 1536 2229 1571 et

425 1614 647 1665 subsidi03
681 1617 798 1656 unde
825 1616 1085 1671 praedicacio
1106 1622 1298 1665 vocatur,
1324 1615 1523 1658 Actuum
1552 1614 1758 1656 vicesimo
1789 1617 1869 1663 ca0,
1892 1616 1901 1634 ⁶
1918 1607 2229 1661 annunciacio,’

425 1695 504 1735 i.e.
530 1702 683 1748 aperta
713 1697 907 1737 ostensio
942 1703 987 1738 et
1020 1696 1274 1745 declaracio,
1301 1702 1350 1738 ut
1381 1696 1524 1750 sapiat
1552 1695 1732 1736 verbum
1765 1694 1809 1734 in
1842 1693 1974 1734 corde
1997 1691 2229 1732 audientis.

428 1774 621 1816 Primum
643 1790 755 1830 opus
780 1777 916 1818 curati
939 1782 1005 1818 est
1027 1778 1173 1826 verbo,
1191 1784 1235 1818 et
1257 1777 1375 1819 sacto
1399 1777 1516 1818 bono
1538 1774 1791 1829 exemplari,
1813 1780 1928 1815 recte
1949 1772 2161 1827 speculari
2183 1772 2228 1812 in

427 1855 538 1896 libro
573 1863 842 1908 naturarum,
875 1871 951 1898 seu
987 1857 1031 1898 in
1068 1858 1231 1899 noticia
1264 1871 1419 1907 rerum,
1455 1863 1499 1897 et
1534 1856 1578 1896 in
1614 1855 1724 1896 libro
1756 1854 1982 1908 scripturae
2017 1863 2150 1895 sacrae
2184 1858 2229 1893 et

426 1941 678 1976 sanctorum
700 1937 932 1978 doctorum
960 1937 1033 1978 illa
1053 1951 1152 1991 quae
1174 1938 1297 1979 Deus
1324 1937 1573 1985 annunciat,
1598 1942 1646 1977 ut
1671 1935 1970 1976 testimonium
2000 1933 2230 1988 perhibeat

426 2015 599 2056 veritati
635 2015 729 2064 hiis,
761 2017 834 2069 qui
870 2017 1076 2071 ignorant
1111 2023 1157 2059 et
1190 2023 1344 2065 errant,
1374 2029 1525 2058 verum
1558 2029 1637 2069 pro
1672 2015 1782 2056 falso
1813 2022 1856 2056 et
1891 2029 1918 2056 e
1952 2021 2102 2056 contra
2133 2019 2229 2054 ten·

429 2102 565 2147 entes,
597 2102 641 2137 et
677 2096 761 2137 illis
797 2097 872 2150 qui
907 2104 1179 2150 cognoscunt
1210 2110 1390 2148 verum;
1436 2109 1555 2150 saepe
1586 2109 1738 2137 verum
1775 2102 1818 2137 et
1854 2096 2020 2137 bonum
2048 2094 2230 2136 reducat

430 2182 606 2217 curatus
627 2177 873 2217 animarum
905 2178 948 2217 in
980 2178 1237 2219 memoriam
1265 2177 1450 2227 illorum,
1473 2183 1521 2218 ut
1541 2176 1682 2217 verius
1706 2183 1983 2230 cognoscant,
2004 2182 2049 2217 et
2071 2181 2119 2216 ut
2140 2187 2229 2216 non

430 2255 753 2307 obliviscantur,
773 2256 876 2310 quia
898 2256 1116 2298 Dominus
1140 2257 1349 2311 praecepit
1370 2256 1534 2311 populo
1558 2256 1690 2297 Israel
1721 2256 1881 2298 habere
1906 2269 2078 2310 semper
2096 2254 2230 2296 verba

432 2336 741 2376 mandatorum
784 2336 881 2386 Dei,
917 2350 971 2377 ne
1014 2337 1086 2378 illa
1126 2337 1494 2385 obliviscerentur,
1532 2342 1579 2377 ut
1619 2343 1766 2378 essent
1806 2339 1931 2391 quasi
1967 2338 2092 2391 signa
2127 2343 2229 2378 ante

432 2415 592 2466 oculos,
627 2422 671 2457 et
703 2415 806 2469 quia
846 2415 1038 2457 officium
1079 2417 1216 2458 curati
1263 2422 1330 2458 est
1370 2416 1431 2457 sic
1472 2421 1588 2457 recte
1628 2417 1841 2470 speculari
1883 2424 1928 2459 et
1967 2418 2230 2459 annunciare

431 2495 707 2536 voluntatem
741 2496 829 2536 Dei
864 2495 1028 2548 populo
1063 2509 1156 2545 suo,
1193 2497 1292 2538 idco
1334 2496 1552 2536 Dominus
1587 2496 1830 2539 Ezechielis
1870 2498 1935 2552 iij⁰
1965 2504 2095 2539 vocat
2129 2511 2230 2539 eum

434 2579 443 2595 ‘
458 2574 796 2627 speculatorem’
825 2580 869 2616 et
892 2576 1250 2617 annunciatorem
1271 2576 1502 2617 verborum
1525 2576 1607 2617 Dei
1630 2591 1638 2628 ;
1668 2591 1798 2631 super
1813 2593 1900 2632 quo
1922 2583 2023 2633 cap⁰
2043 2584 2231 2620 testatur

437 2654 624 2696 Sanctus
645 2656 904 2708 Jeronimus‚
927 2655 1083 2696 doctor
1104 2656 1321 2698 coelestis:
1353 2656 1428 2710 qui
1455 2657 1704 2710 speculator
1724 2659 1864 2700 sactus
1889 2666 1967 2708 est,
1989 2659 2123 2700 verba
2144 2658 2230 2699 Dei

437 2734 598 2788 populo
630 2743 891 2787 narraturus,
914 2734 1054 2776 multo
1085 2741 1286 2790 tempore
1317 2736 1449 2778 debet
1475 2737 1697 2790 quiescere
1724 2745 1766 2780 et
1798 2739 1945 2780 dolere
1975 2738 2030 2780 ad
2058 2752 2109 2780 ea
2131 2751 2231 2791 quae
