2456 3210
432 254 516 297 226
878 259 1174 295 EXCERPTA
1210 260 1249 295 E
1280 259 1408 294 MSS.
1442 258 1782 294 GASCOIGNII.

432 403 490 445 ad
519 409 624 445 tunc
654 403 895 457 justiciario
925 403 1154 459 principali
1185 402 1377 458 Angliae,
1408 409 1457 444 ut
1488 403 1753 444 sententiam
1785 403 1937 444 mortis
1967 403 2023 444 de
2054 402 2236 457 praefato

432 483 761 539 archiepiscopo
791 484 1006 539 proferret
1034 491 1247 538 tanquam
1278 484 1335 525 de
1366 483 1588 538 proditore
1625 484 1750 537 regis,
1783 483 1858 538 qui
1893 483 1978 525 hoc
2007 483 2234 532 recusavit,

433 570 479 606 et
514 564 576 606 sic
611 565 694 606 sibi
730 565 982 619 respondit:
1028 565 1152 606 ‘Nec
1182 579 1273 615 vos,
1304 564 1483 606 domine
1522 564 1583 605 mi
1620 577 1711 616 rex,
1742 577 1822 606 nec
1862 563 2019 618 aliquis
2059 563 2237 605 nomine

433 651 581 687 vestro
611 651 757 687 vester
785 645 937 700 ligeus,
965 645 1152 700 potestis
1182 644 1313 694 licite,
1341 644 1583 687 secundum
1608 644 1707 699 jura
1737 642 1871 699 regni,
1901 644 2093 699 aliquem
2123 643 2236 700 epis-

433 738 595 780 copum
635 726 693 767 ad
734 731 923 767 mortem
954 722 1177 780 judicare?
1250 725 1385 766 Unde
1428 724 1662 779 praefatum
1701 724 2077 779 archiepiscopum
2120 723 2238 779 judi-

434 819 534 848 care
574 806 755 848 omnino
795 806 950 848 renuit.
1008 806 1160 861 Quare
1199 805 1319 847 idem
1358 819 1439 847 rex
1478 805 1541 847 ira
1580 805 1831 848 vehementi
1879 805 2045 848 exarsit
2088 818 2239 847 versus

434 886 624 928 eundem
649 887 856 941 judicem,
879 887 1002 942 cujus
1034 887 1247 929 memoria
1276 886 1333 928 sit
1364 886 1409 928 in
1432 886 1790 929 benediccionem
1818 887 1860 928 in
1889 886 2050 929 saecula
2079 885 2239 928 saeculi.

436 966 497 1009 Et
536 967 686 1009 statim
724 968 952 1010 mandavit
986 967 1167 1009 domino
1196 963 1421 1008 Willelmo
1453 966 1670 1022 Fulthorp
1707 967 1834 1009 militi
1875 964 1940 1024 et]
1973 981 2061 1009 non
2092 966 2240 1021 judici,

434 1047 479 1089 in
515 1048 737 1090 mandatis
772 1048 909 1100 dedit,
946 1054 996 1090 ut
1032 1048 1076 1089 in
1112 1048 1268 1090 eadem
1304 1047 1389 1099 die,
1428 1061 1489 1090 sc.
1524 1048 1568 1089 in
1603 1048 1711 1090 feria
1749 1027 1945 1090 secund-a
1981 1048 2240 1102 septimanae

435 1127 722 1181 Pentecostis,
763 1142 864 1183 quae
905 1128 988 1170 fuit
1034 1134 1192 1170 octava
1233 1127 1328 1170 dies
1367 1127 1499 1181 Junii,
1540 1129 1812 1171 sentenciam
1854 1128 2007 1170 mortis
2055 1129 2099 1170 in
2140 1127 2242 1170 aula

434 1208 607 1264 praefati
637 1209 820 1251 manerii
849 1214 1003 1251 contra
1032 1207 1422 1264 archiepiscopum,
1445 1223 1579 1264 quem
1605 1209 1778 1252 vocavit
1807 1223 1935 1252 suum
1959 1209 2242 1264 proditorem,

435 1290 660 1345 proferret.
725 1290 871 1342 Unde,
907 1290 1015 1332 dum
1056 1290 1292 1344 praedictus
1329 1290 1470 1345 judex
1510 1290 1760 1345 principalis
1791 1290 2041 1332 Willelmus
2076 1289 2243 1332 Gasco-

436 1370 539 1424 igne
574 1370 619 1412 in
652 1371 863 1413 comitatu
901 1369 1093 1412 Eboraci
1130 1376 1271 1420 natus,
1309 1371 1366 1412 de
1405 1370 1507 1413 aula
1543 1371 1696 1422 exiret,
1727 1371 1964 1426 praedictus
1994 1369 2243 1412 Willelmus

437 1450 652 1505 Fulthorp
684 1451 727 1493 in
758 1451 856 1493 loco
882 1451 1043 1505 judicis
1073 1452 1189 1493 sedit
1221 1458 1266 1494 et
1297 1451 1674 1507 archiepiscopum
1700 1451 1840 1506 Scrop
1870 1458 1975 1493 ante
2005 1465 2053 1493 se
2083 1450 2243 1493 adduci

437 1532 662 1586 praecepit.
723 1532 785 1574 Et
817 1531 1148 1586 archiepiscopo
1190 1545 1339 1574 coram
1376 1546 1429 1574 eo
1466 1533 1586 1574 nudo
1621 1532 1765 1587 capite
1801 1538 1958 1583 stante,
1992 1531 2107 1574 hanc
2145 1544 2242 1573 sen-

438 1611 628 1653 tenciam
670 1612 835 1663 mortis,
876 1612 972 1666 ipso
1012 1612 1221 1654 audiente
1263 1618 1308 1654 et
1355 1613 1558 1655 omnibus
1598 1611 1992 1661 circumstantibus,
2035 1611 2242 1666 protulit:

438 1690 536 1734 ‘Te
573 1692 813 1733 Ricardum
849 1691 1015 1746 Scrope
1052 1693 1314 1734 traditorem
1350 1674 1464 1747 regis
1503 1694 1560 1735 ad
1597 1699 1785 1735 mortem
1811 1692 2071 1746 judicamus,
2105 1698 2150 1733 et
2185 1704 2244 1733 ex

441 1778 665 1827 praecepto
705 1773 818 1826 regis
859 1772 1067 1814 decollari
1109 1773 1395 1816 mandamus!
1456 1773 1570 1828 Quae
1604 1773 1738 1815 verba
1782 1772 1975 1824 audiens,
2011 1771 2246 1826 archiepis-

442 1865 581 1906 copus
613 1852 726 1894 hanc
759 1853 1009 1894 oracionem
1042 1853 1217 1907 puplice
1250 1854 1394 1896 dixit:
1443 1854 1593 1896 ‘Deus
1629 1853 1884 1895 misereatur
1918 1853 2078 1895 animae
2119 1865 2244 1902 meae,

442 1932 520 1987 qui
559 1931 643 1974 scit
683 1946 755 1974 me
795 1946 1020 1986 nunquam
1063 1933 1304 1976 intendisse
1344 1934 1511 1976 malum
1546 1940 1699 1975 contra
1738 1947 1971 1987 personam
2012 1933 2125 1987 regis
2152 1945 2246 1984 anec

443 2017 598 2055 contra
633 2025 816 2066 regnum
833 2009 858 2051 1’
920 2011 994 2053 Ex
1035 2013 1193 2067 quibus
1223 2014 1367 2056 verbis
1403 2013 1718 2068 archiepiscopi
1759 2019 1886 2067 patet
1926 2012 2092 2054 famam
2127 2026 2246 2055 com-

444 2106 623 2135 munem
663 2099 768 2135 tunc
804 2092 937 2134 fuisse
976 2107 1138 2143 veram,
1180 2108 1241 2136 sc.
1275 2095 1394 2148 quod
1431 2094 1623 2137 intencio
1658 2093 1973 2148 archiepiscopi
2007 2093 2091 2136 fuit
2124 2093 2246 2135 adire

444 2187 595 2227 regem
635 2187 737 2215 cum
773 2173 929 2214 ceteris
969 2173 1159 2215 dominis
1196 2174 1271 2228 qui
1311 2175 1368 2216 ad
1409 2174 1494 2216 hoc
1534 2179 1860 2225 consenserunt,
1892 2179 1942 2216 ut
1980 2179 2181 2228 peterent
2219 2187 2246 2214 a

443 2268 547 2308 rege
577 2254 939 2296 reformacionem
966 2253 1182 2296 malorum
1212 2255 1257 2296 in
1287 2269 1423 2310 regno
1452 2260 1558 2297 tunc
1587 2254 1901 2307 existencium3
1933 2260 1979 2297 et
2009 2254 2113 2309 quia
2143 2261 2247 2296 tunc

444 2334 621 2377 fuerunt
650 2335 796 2389 plures
827 2334 1125 2376 dissenciones
1155 2335 1200 2377 in
1231 2349 1368 2390 regno
1398 2336 1511 2377 inter
1541 2334 1755 2386 dominos,
1782 2341 1827 2376 et
1857 2334 2105 2389 specialiter
2134 2333 2249 2376 inter

445 2415 676 2457 dominum
699 2414 842 2457 Nevel
868 2421 916 2456 >et
941 2415 1148 2456 comitem
1173 2414 1407 2467 Marcha11,
1427 2415 1527 2457 ideo
1557 2414 1910 2469 archiepiscopus
1942 2415 2058 2457 dixit
2081 2414 2247 2470 populo

446 2509 527 2537 suo
557 2496 750 2550 seipsum
779 2496 975 2550 equitare
1005 2509 1104 2537 cum
1134 2496 1438 2546 multitudine3
1470 2500 1514 2536 et
1544 2501 1644 2548 post
1670 2496 1880 2549 praedicta
1903 2495 2037 2537 verba
2064 2495 2246 2537 circum-

446 2576 667 2618 stantibus
697 2575 858 2631 saepius
889 2575 1030 2618 dixit:
1065 2576 1236 2618 ‘Oretis
1268 2583 1317 2618 ut
1347 2576 1626 2629 omnipotens
1650 2575 1772 2617 Deus
1803 2588 2027 2630 nunquam
2056 2575 2247 2617 vindicet

449 2663 637 2699 mortem
669 2671 815 2699 meam
847 2657 891 2698 in
921 2670 1024 2711 rege
1056 2670 1134 2698 nec
1165 2657 1210 2698 in
1241 2656 1375 2707 suis3’
1411 2669 1511 2710 quae
1546 2656 1678 2697 verba
1712 2656 1775 2698 ita
1806 2669 1925 2710 saepe
1955 2655 2160 2710 repeciit3
2203 2661 2247 2696 et

536 2770 546 2787 ¹
570 2771 619 2812 By
641 2771 732 2803 these
759 2781 895 2814 persons
919 2770 1107 2812 Gascoigne
1134 2771 1297 2812 probably
1319 2780 1431 2802 means
1458 2768 1570 2810 Ralph
1597 2769 1719 2808 Nevill,
1745 2769 1813 2801 first
1838 2768 1906 2802 earl
1933 2768 1973 2801 of
1992 2766 2247 2804 Westmorland‚

448 2823 511 2854 and
529 2824 676 2857 Thomas
693 2826 869 2869 Moubray,
886 2826 953 2859 earl
970 2824 1124 2862 marshal,
1142 2825 1217 2857 who
1234 2834 1302 2857 was
1317 2823 1473 2857 executed
1494 2832 1587 2866 1405.
