2456 3210
449 245 532 288 174
949 242 1082 278 LOCI
1115 243 1155 277 E
1192 243 1360 278 LIBRO
1408 244 1752 283 VERJTATUM.

448 385 690 428 bachilario
720 398 853 426 sacrae
885 383 1143 438 Theologiae
1176 384 1367 426 Oxoniae
1400 384 1444 424 in
1474 384 1653 439 Anglia,
1696 393 1740 428 et
1770 387 1851 429 sub
1881 386 2082 441 Johanne
2107 385 2253 441 xxiij⁰‚

447 467 652 520 deposito
693 480 719 507 a
752 470 917 519 papatu
959 465 1004 505 in
1045 464 1228 506 concilio
1269 471 1315 506 et
1354 478 1433 518 per
1473 466 1706 517 concilium
1741 468 1948 528 generale
1992 468 2251 510 Constanci-

447 560 567 598 enee,
601 552 646 587 et
686 545 768 587 sub
811 544 1004 586 Mai-tino
1036 549 1094 596 5⁰,
1128 551 1173 586 et
1209 545 1410 598 Eugenio
1441 550 1499 597 4⁰,
1531 553 1579 588 et
1610 547 1692 588 sub
1726 548 1945 590 Nicholao
1975 553 2037 601 5⁰,
2072 549 2252 590 doctore

446 641 581 669 sacrae
612 626 880 679 Theologiae,
910 625 954 666 in
985 624 1137 666 habitu
1169 625 1364 693 seculari,
1393 626 1438 667 in
1471 626 1769 670 Universitate
1788 628 1984 680 Viennae,
2012 629 2057 669 in
2087 629 2250 670 ducatu

446 708 654 759 Austriae,
690 713 735 749 et
770 707 851 748 sub
885 706 1066 749 Calixto
1097 711 1153 762 3⁰,
1186 707 1260 760 qui
1295 706 1380 749 hoc
1415 721 1531 749 anno
1559 708 1640 749 Xti
1676 710 1795 759 vivit,
1832 723 1891 751 sc.
1922 723 2038 751 anno
2069 708 2252 750 Domini

447 788 529 830 Xti
565 792 707 840 14570.

563 875 614 919 [p.
648 874 738 918 234]
798 874 967 910 Paulus
994 874 1240 918 Apostolus
1260 873 1414 918 Virgo.
1464 869 1591 911 ·Haec
1621 870 1826 911 dominus
1858 869 2177 912 Lincolniensis
2207 869 2252 910 in

445 949 534 991 fine
573 950 816 991 communis
856 948 994 1003 glosae
1035 963 1166 1003 super
1199 949 1421 1003 Epistolas
1458 949 1610 992 Sancti
1652 950 1806 1002 Pauli3
1852 956 1898 992 et
1936 964 2019 1005 ego
2054 949 2252 992 Thomas

447 1029 707 1084 Gascoigne,
742 1036 848 1071 tunc
886 1029 1185 1071 Cancellarius
1223 1029 1502 1081 Oxoniensis,
1542 1031 1631 1072 vidi
1666 1031 1762 1072 haec
1797 1031 1958 1084 scripta
1999 1044 2131 1071 manu
2172 1043 2254 1071 sua

445 1111 621 1165 propria
653 1111 697 1151 in
731 1110 844 1152 libro
881 1125 972 1162 suo,
1008 1125 1108 1164 quae
1141 1110 1396 1152 continebat
1436 1125 1716 1152 communem
1751 1111 1924 1165 glosam
1960 1124 2091 1165 super
2122 1110 2252 1164 Epis-

446 1191 585 1232 tolam
628 1190 782 1233 Sancti
823 1191 960 1241 Pauli,
1006 1197 1050 1232 et
1090 1190 1292 1232 scribitur
1331 1191 1375 1232 in
1415 1192 1660 1245 penultimo
1700 1191 1804 1233 folio
1846 1191 1960 1232 illius
2000 1191 2098 1232 libri
2138 1191 2253 1232 inter

445 1271 600 1314 fratres
631 1272 822 1313 minores
855 1272 1059 1321 Oxoniae,
1092 1278 1136 1312 et
1167 1271 1277 1312 liber
1307 1272 1565 1325 registratur
1594 1272 1810 1326 Epistolae
1844 1271 1967 1313 Pauli
1999 1286 2037 1313 a.

560 1359 613 1402 [p.
637 1358 732 1404 296.]
791 1358 1050 1394 Peccatum.
1112 1352 1229 1393 Novi
1260 1352 1377 1393 enim
1410 1366 1547 1394 unum
1576 1352 1746 1394 fatuum
1782 1352 2040 1402 naturalem,
2065 1351 2140 1405 qui
2170 1349 2252 1392 fuit

444 1434 648 1475 sacerdos
682 1439 726 1474 et
761 1433 1105 1483 archidiaconus,
1131 1439 1176 1474 et
1209 1432 1364 1474 habuit
1395 1433 1457 1487 xij
1491 1433 1749 1487 praebendas
1780 1432 1923 1481 simul,
1952 1438 1996 1473 et
2027 1445 2251 1486 nunquam

446 1514 587 1555 tenuit
618 1514 903 1562 domicilium,
926 1520 970 1556 et
1001 1528 1114 1555 unus
1145 1515 1334 1568 armiger
1366 1514 1514 1555 omnia
1546 1527 1598 1555 ea
1627 1513 1801 1567 recepit,
1828 1519 1872 1553 et
1899 1512 1984 1553 illis
2014 1512 2142 1553 bonis
2173 1525 2252 1566 per

444 1594 591 1647 plures
632 1608 770 1635 annos
802 1595 989 1649 receptis
1029 1595 1145 1636 dixit
1176 1595 1358 1648 praefato
1392 1594 1539 1645 stulto,
1574 1593 1749 1636 ‘Nichil
1786 1593 1910 1634 vobis
1942 1592 2098 1641 debeo,
2130 1591 2250 1645 quod

446 1674 596 1715 omnia
623 1674 740 1716 bona
767 1681 913 1717 vestra
943 1675 1118 1717 fuerunt
1151 1676 1195 1716 in
1232 1675 1433 1717 custodia
1464 1675 1657 1728 episcopi
1684 1673 1843 1716 Sarum
1865 1671 2075 1713 Willelmi
2095 1669 2251 1712 Aske.’

447 1754 510 1795 Et
556 1754 650 1808 ipse
696 1756 864 1796 occisus
906 1762 972 1797 est
1012 1756 1247 1798 crudeliter
1285 1770 1403 1799 anno
1449 1755 1631 1796 Domini
1673 1758 1736 1795 m⁰
1776 1757 1894 1795 cccc⁰
1918 1750 1964 1803 1⁰,
2010 1759 2054 1794 et
2099 1751 2250 1794 omnia

433 1816 563 1877 >*bona
599 1849 679 1876 sua
714 1835 903 1889 spoliata
938 1842 983 1877 et
1015 1836 1153 1878 divisa
1188 1837 1302 1878 inter
1331 1836 1479 1890 plures
1514 1835 1833 1885 insurrectores,
1864 1833 1938 1887 qui
1971 1833 2015 1873 in
2045 1846 2126 1873 sua
2157 1833 2251 1874 dio-

445 1915 534 1957 cesi
565 1929 666 1957 eum
697 1915 980 1967 occiderunt;
1013 1923 1056 1958 et
1087 1917 1148 1958 sic
1179 1916 1326 1958 fatuus
1356 1916 1604 1970 praedictus,
1630 1921 1679 1956 ut
1709 1914 1878 1964 dicitur,
1910 1913 2030 1954 milia
2059 1913 2251 1966 perdidit

446 1997 503 2038 de
539 1997 737 2050 pecunia.
799 1995 861 2037 Et
896 1996 1128 2050 episcopus
1164 1996 1409 2047 Cistrensis,
1443 1996 1595 2038 Adam
1632 1994 1816 2045 Molens,
1852 1994 1926 2048 qui
1966 1994 2133 2035 occisus
2169 1992 2250 2035 suit

445 2091 525 2132 per
565 2083 722 2118 nautas
760 2082 805 2117 et
837 2076 1065 2130 Anglicos‚
1101 2078 1175 2131 qui
1212 2078 1493 2132 navigassent
1533 2076 1577 2117 in
1614 2075 1808 2124 Francia,
1845 2074 2036 2128 optinuit
2070 2073 2250 2128 plurali-

446 2164 587 2200 tatem
623 2171 650 2198 a
683 2170 802 2211 papa
837 2156 1038 2210 Eugenio
1075 2158 1229 2211 quinto
1265 2158 1477 2212 praedicto
1512 2156 1634 2198 fatuo
1673 2154 1873 2206 naturali,
1905 2155 1979 2209 qui
2015 2160 2119 2196 tunc
2160 2167 2248 2208 non

446 2239 528 2280 fuit
576 2238 792 2288 sacerdos,
834 2243 879 2278 et
922 2237 1102 2279 licencia
1143 2238 1217 2279 illa
1263 2239 1356 2290 fuit,
1398 2244 1446 2279 ut
1486 2236 1693 2291 praefatus
1733 2235 1876 2276 fatuus
1916 2235 2098 2276 haberet
2138 2234 2250 2276 duas

444 2319 576 2361 simul
615 2318 851 2372 dignitates
887 2316 931 2357 in
968 2317 1148 2359 ecclesia
1185 2319 1292 2360 citra
1332 2318 1649 2372 episcopatum,
1687 2321 1732 2357 et
1766 2322 1862 2356 tum
1899 2315 1981 2356 fuit
2015 2314 2105 2355 fere
2138 2327 2248 2368 quo-

447 2400 555 2441 tidie
586 2399 757 2449 ebrius3
801 2403 846 2439 et
879 2397 962 2438 iste
1002 2397 1148 2439 fatuus
1185 2404 1229 2440 et
1264 2398 1375 2440 tales
1416 2396 1605 2451 promoti
1643 2402 1687 2437 et
1727 2395 1813 2437 alia
1854 2395 1971 2437 mala
2012 2395 2249 2448 sequencia

450 2494 509 2521 ex
550 2478 908 2533 appropriatione
949 2477 1229 2519 ecclesiarum
1270 2477 1594 2532 parochialium,
1633 2482 1678 2517 et
1717 2490 1795 2530 per
1833 2490 1921 2518 non
1962 2474 2248 2516 residenciam

447 2562 754 2615 episcoporum
786 2566 830 2601 et
860 2565 1076 2600 rectorum
1107 2559 1197 2601 fere
1228 2561 1542 2601 destruxerunt
1571 2544 1736 2606 bssonum
1763 2557 1959 2611 regimen
1990 2555 2034 2596 in
2065 2553 2248 2596 ecclesia

445 2641 707 2695 Anglicana‚
741 2647 787 2683 et
827 2653 943 2681 anno
984 2640 1164 2680 Domini
1201 2645 1264 2681 m⁰
1295 2643 1412 2682 cccc⁰
1442 2639 1488 2690 1⁰,
1522 2637 1722 2679 homines
1758 2638 1833 2692 qui
1872 2636 2143 2678 vocabantur
2182 2634 2247 2675 in·
2270 2651 2287 2654 Α

447 2729 710 2764 surrectores
751 2721 1005 2763 occiderunt
1048 2721 1158 2762 duos
1203 2722 1432 2775 episcopos
1473 2719 1517 2760 in
1557 2718 1735 2773 Anglia,
1775 2718 1849 2773 qui
1891 2717 1935 2758 in
1975 2716 2093 2758 curia
2133 2715 2246 2768 regis

448 2803 571 2854 quasi
608 2803 813 2845 continue
847 2802 1108 2853 residebant,
1142 2807 1185 2843 et
1219 2815 1307 2843 non
1338 2800 1381 2842 in
1415 2800 1525 2842 curis
1557 2799 1657 2850 suis,
1690 2814 1748 2842 sc.
1777 2798 1929 2841 Adam
1963 2796 2244 2843 Cistrensem,
