2456 3210
734 333 866 370 LOCI
898 333 938 368 E
976 333 1144 368 LIBRO
1189 332 1390 367 VERITA
1403 332 1534 368 TUM.
1958 338 2036 382 133

232 476 304 519 vel
336 477 538 528 vicariis3
583 483 629 519 et
658 477 720 519 sic
756 477 902 519 vicarii
936 476 1110 518 suerunt
1141 473 1356 529 capellani
1386 474 1482 528 ejus
1498 488 1509 526 ;
1548 479 1593 515 et
1628 473 1710 515 sub
1746 473 1821 516 illa
1855 475 2037 517 licencia

232 558 441 600 absentes
480 564 605 601 erant
635 571 664 599 a
697 571 777 599 sua
814 570 930 608 cura,
951 563 997 599 et
1029 570 1058 598 a
1092 569 1173 597 sua
1205 555 1366 597 vicaria
1400 568 1481 609 per
1518 568 1670 604 annos,
1702 561 1913 597 vacantes
1947 556 2037 596 suis

233 638 399 680 deliciis
434 645 480 680 et
517 638 823 680 venationibus
862 638 1011 679 avium
1041 642 1087 678 et
1109 649 1297 678 canum.
1370 636 1497 686 Item,
1524 634 1619 689 jam
1649 634 1801 689 aliqui,
1831 636 1905 690 qui
1947 650 2036 678 non

232 717 401 760 habent
435 718 658 761 licentiam
691 718 883 760 habendi
918 718 1111 760 diversas
1150 717 1355 759 ecclesias
1385 730 1486 759 cum
1521 730 1637 766 cura,
1672 716 1905 771 acquirunt
1940 717 2037 758 aliis

232 798 484 841 hominibus
514 799 710 841 diversas
739 799 956 848 ecclesias,
980 805 1035 849 et,
1057 804 1296 852 antequam
1318 811 1393 839 eas
1417 797 1644 840 conserant
1666 797 1848 848 eisdem,
1869 798 2036 840 faciunt

235 893 313 921 eos
347 879 545 934 obligari,
573 893 654 934 per
685 878 981 934 obligationes
1014 880 1058 920 in
1090 878 1233 920 forma
1266 878 1377 933 legis
1409 879 1544 932 regni,
1576 892 1624 920 se
1652 879 1882 920 annuatim
1917 878 2037 920 solu-

233 967 356 1002 turos
389 960 723 1014 acquisitoribus
753 959 956 1002 beneficii
990 973 1058 1001 xx
1086 972 1267 1011 marcas,
1300 958 1371 1000 vel
1406 959 1550 1010 ultra3
1594 965 1639 1000 et
1670 959 1770 1000 ideo
1801 959 2036 1014 episcopus

235 1040 471 1090 Heliensis‚
508 1040 723 1095 Magister
752 1039 982 1095 Philippus
994 1039 1022 1090 ¹,
1059 1046 1299 1093 antequam
1335 1040 1592 1082 admitteret
1630 1039 1823 1093 aliquem
1859 1040 1916 1081 ad
1956 1039 2037 1082 ali-

233 1134 370 1175 quam
401 1120 642 1172 eccloeiam,
664 1120 769 1163 fecit
798 1122 943 1175 ipsum
970 1121 1126 1174 jurare,
1158 1120 1279 1174 quod
1309 1121 1429 1175 prius
1459 1134 1547 1161 non
1578 1119 1740 1161 fecerat
1770 1133 1850 1162 nec
1880 1126 2038 1174 postea

232 1201 396 1243 faceret
428 1200 565 1243 talem
597 1201 927 1256 obligationem.
997 1201 1124 1252 Item,
1154 1200 1259 1242 fecit
1290 1206 1580 1255 praesentatos
1615 1201 1673 1242 ad
1704 1200 1889 1242 vicarias
1931 1208 2037 1243 ante

231 1294 358 1323 suam
388 1282 701 1323 admissionem
731 1282 776 1323 in
805 1295 955 1324 curam
983 1280 1142 1335 jurare,
1164 1281 1284 1335 quod
1316 1281 1437 1335 prius
1468 1295 1558 1322 non
1581 1280 1774 1323 fecerant
1804 1281 2036 1336 obligatio-

232 1375 348 1413 nem,
375 1376 456 1405 nec
480 1362 779 1417 juramentum
814 1363 1037 1417 religiosis,
1070 1362 1139 1404 cui
1173 1359 1270 1418 (sic)
1302 1362 1377 1403 illa
1413 1362 1597 1404 ecclesia
1634 1368 1702 1403 est
1737 1363 2032 1416 appropriata,

231 1443 352 1497 quod
396 1443 515 1497 ipsos
554 1457 642 1485 non
687 1451 905 1486 vexarent
946 1457 1027 1485 nec
1068 1443 1394 1497 implacitarent
1434 1457 1510 1485 eos
1553 1456 1634 1496 pro
1673 1444 2035 1497 augmentatione

230 1525 416 1566 vicariae.
476 1524 584 1566 Ideo
615 1524 903 1567 benedicatur
935 1524 1082 1565 anima
1116 1523 1225 1578 ejus,
1261 1524 1365 1578 quia
1401 1523 1483 1566 suit
1522 1536 1654 1565 causa
1688 1536 1824 1576 quare
1862 1523 2035 1566 vicariae

230 1603 406 1646 fuerunt
435 1605 590 1646 melius
620 1606 788 1647 dotatae
817 1611 863 1646 et
892 1604 1217 1659 augmentatae!

346 1685 454 1727 Vaex
489 1685 599 1728 Vae!
645 1686 859 1741 nequiciae
895 1686 1219 1734 modernorum,
1253 1685 1368 1739 perit
1398 1684 1574 1738 justicia
1608 1684 1855 1739 primitiva:
1897 1698 2037 1739 nuper

230 1765 362 1816 enim,
396 1773 578 1821 propter
606 1767 956 1808 verberationem
992 1764 1120 1807 unius
1154 1766 1232 1806 viri
1269 1766 1430 1816 rustici,
1460 1771 1664 1807 tenentes
1699 1765 1828 1806 unius
1862 1766 2035 1807 comitis

230 1853 514 1889 surrexerunt
560 1847 697 1889 millia
745 1847 987 1898 hominum,
1030 1853 1076 1888 et
1125 1847 1379 1888 occiderunt
1429 1860 1518 1888 non
1567 1846 1692 1887 illum
1742 1847 1817 1901 qui
1869 1847 2035 1888 malum

231 1925 347 1977 fecit,
375 1927 455 1968 sed
489 1926 702 1981 plurimos
733 1929 809 1983 qui
844 1942 931 1970 non
968 1933 1184 1969 noverunt
1215 1927 1394 1979 sactum,
1425 1941 1506 1969 nec
1542 1927 1667 1969 illum
1699 1928 1774 1982 qui
1808 1927 1930 1968 illum
1962 1941 2035 1969 oc-

233 2005 370 2057 cidit;
410 2014 455 2049 et
488 2014 593 2050 tunc
626 2009 903 2063 projecerunt
938 2010 994 2050 ad
1030 2015 1203 2059 terram,
1235 2014 1279 2050 et
1314 2009 1490 2062 penitus
1522 2009 1836 2050 destruxerunt
1872 2021 2035 2062 magna

234 2088 438 2138 maneria,
486 2095 531 2130 et
578 2089 734 2132 horrea
782 2089 913 2145 plena
962 2090 1108 2143 granis
1155 2089 1483 2140 destruxerunt,
1531 2097 1575 2131 et
1622 2090 1779 2131 domos
1824 2089 2034 2142 plurimas

234 2166 511 2220 projecerunt
559 2176 604 2211 et
653 2171 697 2211 in
747 2177 898 2225 partes
954 2170 1271 2223 confregerunt,
1321 2170 1383 2211 ita
1433 2171 1552 2223 quod
1608 2170 1715 2211 nulli
1766 2170 1862 2210 usui
1914 2168 2034 2222 ligna

231 2253 339 2301 apta
377 2246 565 2298 suerunt,
596 2255 642 2292 et
674 2250 760 2292 hoc
790 2257 836 2293 et
870 2250 958 2292 alia
993 2249 1110 2291 mala
1150 2249 1359 2301 fecerunt,
1392 2251 1593 2305 quamvis
1632 2251 1791 2299 omnia,
1822 2262 1921 2302 quae
1956 2249 2033 2289 de-

232 2333 499 2377 struxerunt,
529 2330 808 2382 pertinebant
840 2331 1023 2372 ecclesia
1059 2330 1299 2371 cathedrali
1335 2331 1513 2384 proprii,
1533 2345 1684 2372 eorum
1726 2328 1951 2383 episcopi3
1987 2335 2033 2369 et

232 2406 329 2448 haec
375 2406 569 2449 fecerunt
612 2410 715 2462 quia
754 2410 986 2464 episcopus
1027 2410 1485 2451 excommunicaverat
1526 2424 1602 2452 eos
1644 2410 1895 2451 resistentes
1938 2407 2033 2462 ejus

233 2487 499 2538 correctioni,
523 2494 568 2529 et
597 2489 731 2530 etiam
762 2497 943 2544 propter
977 2504 1155 2532 causam
1185 2490 1256 2531 hic
1292 2491 1513 2544 scriptam,
1540 2499 1584 2532 et
1617 2504 1675 2531 ex
1705 2490 1789 2530 hoc
1820 2487 2031 2541 exemplo

232 2567 438 2621 pessimo,
471 2568 649 2621 quando
678 2583 791 2611 unus
826 2571 953 2611 miles
986 2570 1058 2612 vel
1093 2570 1282 2624 armiger
1311 2570 1581 2612 irascebatur
1614 2583 1714 2612 cum
1744 2569 1843 2617 alio,
1878 2568 2029 2609 statim

232 2648 472 2702 surgebant
511 2647 787 2692 adhaerentes
826 2652 952 2693 alteri
992 2652 1108 2706 parti
1149 2664 1310 2699 eorum,
1353 2658 1399 2693 et
1436 2651 1727 2692 verberabant
1768 2654 1813 2689 et
1854 2648 2030 2690 mutila-

235 2728 346 2770 bant
393 2728 464 2770 vel
512 2729 765 2772 occiderunt
807 2745 962 2774 omnes
1012 2746 1123 2786 quos
1172 2738 1402 2785 suspectos
1444 2732 1680 2780 habebant,
1720 2729 1795 2782 qui
1844 2728 2030 2770 alteram

233 2815 405 2862 partem
437 2808 693 2862 diligebant,
722 2810 793 2851 vel
827 2813 901 2865 qui
941 2812 998 2853 de
1033 2812 1109 2853 illa
1144 2819 1270 2866 parte
1303 2819 1464 2854 terram
1494 2815 1740 2858 tenuerunt,
1770 2809 1842 2849 vel
1871 2809 2030 2850 domus

468 2897 479 2918 ¹
503 2897 614 2940 Philip
630 2898 784 2941 Murgan,
797 2900 875 2932 died
891 2901 967 2934 Oct.
988 2911 1037 2942 25,
1060 2911 1161 2943 1435;
1186 2902 1366 2935 translated
1382 2902 1466 2934 from
1484 2902 1679 2934 Worcester‚
1700 2897 1794 2939 1426.
