2456 3210
704 328 833 364 LOCI
870 329 911 363 E
948 328 1115 364 LIBRO
1162 328 1506 366 VERITATUM.
1932 332 2012 380 153

213 471 259 513 in
299 486 380 514 sua
423 473 554 523 curia,
598 479 646 514 et
691 472 773 514 nisi
825 486 942 527 papa
989 473 1205 515 concedat
1252 473 1577 526 exempciones,
1622 472 2012 527 augmentaciones

210 552 450 606 primorum
485 552 705 595 fructuum
739 552 1087 607 episcopatuum,
1118 559 1165 595 et
1197 553 1554 607 dispensaciones
1586 567 1663 595 seu
1697 553 2010 608 dissipaciones

210 638 258 674 et
294 633 500 675 licencias
540 647 630 675 non
668 633 888 675 residendi
928 634 973 674 in
1013 634 1111 675 suis
1135 633 1359 676 beneficiis
1393 634 1599 675 omnibus
1632 634 1708 689 qui
1743 640 1926 677 manent
1965 635 2011 675 in

209 713 338 754 curiis
373 727 539 767 regum,
573 714 886 768 episcoporum,
923 720 969 755 et
1008 714 1286 755 dominorum
1324 714 1521 766 aliorum,
1556 721 1602 757 et
1641 715 1724 756 nisi
1764 715 2010 757 concedant

208 792 510 848 indulgencias
543 801 590 836 et
622 794 825 836 licencias
854 795 1008 836 utendi
1044 794 1185 836 mitris
1217 801 1264 836 et
1293 794 1382 836 alia
1412 795 1737 845 irrationabilia,
1764 809 1824 837 ex
1847 795 2010 850 quibus

208 872 379 914 lucrum
414 888 625 929 magnum
658 875 858 928 sequitur
891 875 1121 917 curtisanis
1155 875 1214 916 de
1248 875 1367 917 curia
1399 889 1543 930 papae.
1599 876 1855 918 Maximum
1889 875 2008 917 enim

208 952 376 995 lucrum
393 953 487 1008 jam
514 955 771 1008 perveniens
798 955 928 996 curiae
955 969 1086 1008 papae
1114 955 1229 997 inter
1252 961 1413 998 caetera
1438 962 1507 998 est
1533 955 1630 1006 hoc,
1652 956 1771 1010 quod
1799 970 1918 1010 papa
1936 955 2008 997 vel

211 1034 295 1088 ipsi
323 1035 483 1088 quibus
509 1049 538 1077 a
562 1048 681 1090 papa
707 1049 850 1078 causae
881 1036 1229 1086 committuntur,
1251 1037 1498 1078 concedunt
1518 1037 1644 1091 plura
1669 1043 1715 1079 et
1734 1037 2011 1079 sentenciant

209 1129 291 1169 pro
330 1129 419 1157 una
452 1122 591 1170 parte,
624 1122 670 1158 et
703 1130 812 1158 mox
852 1117 1047 1158 instante
1081 1117 1268 1171 pecunia
1301 1125 1508 1160 revocant
1548 1119 1705 1160 eadem
1743 1117 1864 1171 prius
1904 1130 2009 1159 con-

209 1209 360 1247 cessa;
401 1203 448 1238 et
485 1196 723 1251 aliquando
762 1204 970 1239 revocant
1004 1197 1166 1251 pluries
1200 1204 1418 1247 revocata,
1452 1198 1515 1239 ita
1550 1203 1600 1239 ut
1636 1197 1782 1239 nullus
1816 1197 1875 1239 sit
1907 1196 2009 1238 finis

209 1277 439 1318 conclusus
482 1277 527 1318 in
570 1278 754 1319 materia
803 1277 963 1319 Romae
1005 1278 1241 1332 appellata,
1284 1285 1335 1320 ut
1385 1292 1526 1332 nuper
1579 1284 1806 1320 ostensum
1849 1284 1918 1319 oet
1964 1277 2008 1318 in

208 1357 403 1398 materiis
440 1358 746 1399 controversiae
780 1358 972 1413 episcopi
1015 1358 1320 1400 Lincolnensis
1350 1359 1517 1400 domini
1550 1358 1763 1400 Willelmi
1795 1357 2103 1412 Alnwyk,—

190 1443 255 1479 -et
292 1437 431 1491 partis
468 1438 550 1479 sibi
587 1439 785 1480 adversae
824 1440 978 1481 decani
1018 1439 1194 1493 superbi
1234 1439 1435 1493 ejusdem
1474 1439 1682 1489 ecclesiae,
1716 1439 1792 1493 qui
1832 1438 2005 1493 optavit

207 1523 260 1559 ut
300 1519 464 1560 totiens
506 1519 591 1560 sibi
642 1519 943 1571 turificaretur,
987 1520 1100 1561 sicut
1151 1520 1386 1575 episcopo;
1434 1527 1479 1562 et
1531 1521 1567 1562 si
1613 1521 1846 1574 episcopus
1890 1526 2006 1560 esset

206 1611 399 1653 praesens
433 1599 478 1640 in
512 1599 696 1641 ecclesia
730 1599 943 1651 Lincoln.‚
977 1601 1096 1654 quod
1132 1614 1212 1642 nec
1252 1601 1483 1655 episcopus
1523 1614 1603 1642 nec
1641 1600 1753 1642 alius
1793 1600 2004 1653 inciperet

206 1679 398 1721 officium
428 1680 474 1721 in
507 1680 693 1722 ecclesia
719 1680 807 1730 illa,
842 1694 1072 1735 quousque
1106 1681 1299 1723 decanus
1327 1681 1506 1723 stallum
1540 1694 1668 1722 suum
1697 1680 1902 1722 intravit:
1942 1693 2003 1720 ex

205 1772 295 1813 qua
321 1761 617 1803 controversia
641 1760 832 1815 plurima
859 1761 977 1803 mala
1004 1768 1156 1803 secuta
1176 1767 1293 1803 sunt.
1351 1761 1413 1803 Et
1433 1761 1562 1815 primi
1589 1760 1755 1803 fructus
1775 1761 2003 1815 episcopa-

206 1844 348 1890 tuum,
382 1854 483 1894 quae
516 1841 630 1883 circa
662 1854 827 1883 annum
861 1841 1043 1883 Domini
1083 1855 1128 1882 m
1168 1855 1243 1883 ccc
1278 1841 1321 1896 iij
1364 1842 1630 1896 inceperunt,
1670 1840 1920 1895 duplantur,
1955 1847 2002 1882 et

206 1920 353 1972 precio
381 1920 537 1975 majori
565 1935 701 1975 quam
730 1922 868 1977 duplo
898 1922 1135 1973 solvuntur,
1155 1935 1215 1963 sc.
1235 1922 1430 1978 quinque
1454 1922 1586 1972 mille,
1605 1922 1682 1964 ubi
1704 1930 1838 1965 antea
1862 1934 2001 1962 unum

209 1997 331 2041 mille
359 2000 621 2044 solvebatur.

321 2085 480 2130 [p.165.]
538 2082 758 2124 Dominus
792 2097 910 2138 papa
945 2083 1249 2134 consideraret,
1281 2097 1370 2125 non
1405 2084 1549 2126 solum
1584 2098 1685 2139 quae
1724 2083 1819 2137 ipse
1851 2086 2002 2135 potest

209 2158 354 2200 facere
381 2159 454 2201 vel
487 2163 738 2214 concedere,
774 2164 853 2205 sed
886 2163 993 2217 quid
1025 2163 1099 2204 alii
1128 2171 1315 2218 possunt
1346 2165 1566 2219 recipere;
1605 2178 1675 2214 an,
1708 2163 1883 2213 scilicet,
1914 2160 1999 2202 hoc

207 2239 267 2281 sit
298 2240 540 2294 expediens
566 2243 809 2297 animabus,
838 2251 883 2287 et
913 2258 1062 2286 earum
1091 2244 1237 2294 saluti,
1266 2251 1312 2287 et
1339 2259 1399 2287 an
1426 2246 1511 2287 hoc
1539 2245 1681 2297 liceat,
1711 2250 1757 2286 et
1786 2242 2000 2296 expediat

207 2318 340 2361 saluti
379 2320 652 2376 animarum;
697 2325 993 2367 consideraret
1031 2325 1150 2366 enim
1189 2338 1307 2379 papa
1345 2326 1464 2379 quod
1500 2325 1642 2381 judex
1682 2330 1759 2375 est,
1795 2329 1840 2365 et
1875 2322 1996 2376 quod

207 2405 408 2453 potestas
443 2414 524 2443 sua
562 2416 622 2444 ex
655 2403 743 2446 Dei
777 2405 975 2460 jussione
1011 2405 1234 2460 dependet
1249 2422 1260 2456 ;
1301 2406 1507 2460 quicquid
1542 2407 1659 2447 enim
1695 2405 1818 2458 ligat,
1849 2403 2000 2444 videat

207 2480 329 2533 quod
366 2479 538 2533 judicat
574 2485 816 2526 secundum
850 2486 1066 2540 judicium
1106 2486 1207 2527 Dei.
1252 2485 1325 2527 De
1356 2486 1578 2540 judicibus
1618 2486 1725 2528 dicit
1765 2483 1996 2531 Dominus,

208 2559 431 2602 Ezechiel.
457 2561 567 2616 xliiij
599 2567 695 2613 ca⁰.,
728 2564 867 2607 ‘Cum
900 2566 1032 2608 fuerit
1062 2566 1358 2609 controversia
1386 2568 1568 2609 stabunt
1598 2567 1641 2607 in
1667 2565 1843 2619 judiciis
1878 2564 1999 2614 meis,

209 2645 256 2680 et
289 2639 551 2693 judicabunt
589 2642 710 2696 leges
749 2658 880 2697 meas,
914 2652 960 2689 et
993 2653 1216 2701 praecepta
1251 2660 1350 2688 mea
1384 2647 1634 2690 custodient
1649 2643 1681 2697 ς’
1723 2658 1839 2698 papa
1880 2643 1999 2684 enim

203 2718 431 2773 judicandi
469 2720 606 2763 habet
642 2729 920 2776 potestatem,
958 2728 968 2747 ‘
982 2727 1108 2769 Deus
1148 2726 1291 2776 enim,’
1323 2733 1439 2770 teste
1476 2726 1693 2782 propheta
1731 2725 1776 2765 in
1812 2723 2001 2775 Psalmo,

209 2798 446 2853 ‘judicabit
467 2800 692 2854 justicias:
719 2805 1086 2860 ergo-injustitias
1114 2807 1383 2861 rejudicabit.
1445 2806 1667 2862 Quicquid
1699 2805 1816 2846 enim
1846 2811 1914 2846 est
1942 2806 2002 2847 ab

208 2878 454 2932 apostolico
481 2894 612 2934 supra
638 2887 800 2926 terram
827 2884 1024 2940 ligatum,
1048 2895 1116 2929 est
1147 2888 1373 2943 cognitum
1403 2888 1447 2929 in
1477 2886 1590 2930 coelo
1617 2898 1695 2939 pro
1722 2884 1886 2938 ligat03
1921 2885 2000 2927 sed

1082 2964 1115 2996 X
