2456 3210
690 315 824 354 LOCI
856 315 895 352 E
933 315 1099 353 LIBRO
1146 313 1488 352 VERITATUM.
1910 308 1986 342 211

192 470 291 513 quae
322 457 542 502 intellexit
574 472 654 514 pro
685 460 805 502 bono
839 460 961 515 regni
993 459 1053 502 ibi
1086 458 1346 513 exprimere,
1382 470 1612 512 quousque
1647 453 1720 495 ille
1755 451 1989 506 episcopus

193 538 338 583 Pecok
369 546 485 582 esset
515 546 643 582 extra
672 541 855 583 domum
886 540 1001 582 illius
1029 538 1212 589 concilii,
1234 539 1406 594 magnis
1436 537 1689 580 doctoribus
1719 540 1764 581 et
1793 531 1990 587 pluribus

192 619 235 660 in
275 619 521 675 Theologia
563 621 624 663 ibi
663 621 708 662 in
746 620 824 662 illo
865 620 1049 662 concilio
1088 621 1202 674 regis
1242 619 1560 675 praesentibus3
1602 623 1648 659 et
1682 615 1815 657 libros
1854 612 1991 666 ipsius

193 699 338 742 Pecok
368 701 648 755 exigentibus
677 701 912 743 adomino
942 701 1154 755 praedicto
1186 700 1503 748 cantuariensi,
1534 698 1609 753 qui
1638 694 1840 751 promisit
1870 691 1990 746 quod

190 780 403 823 haberent
437 780 536 823 illos
570 782 627 823 ad
665 782 1038 831 examinandum3
1080 788 1125 823 et
1158 781 1394 836 praedictus
1426 781 1656 835 episcopus
1690 774 1836 818 Pecok
1873 772 1990 815 dixit

190 861 401 914 praedicto
430 861 758 916 archiepiscopo
789 862 907 916 quod
941 863 1037 916 ipse
1065 861 1204 906 voluit
1237 862 1442 904 inducere
1472 873 1619 902 coram
1650 857 1725 899 illo
1754 854 1990 908 archiepis-

190 954 303 995 copo
331 955 486 983 omnes
515 941 652 983 libros
680 955 782 983 suos
812 955 924 995 quos
952 942 1055 984 fecit
1086 941 1198 983 infra
1226 942 1462 984 triennium
1490 947 1595 982 ante
1625 938 1749 979 illum
1779 936 1911 985 diem,
1942 939 1989 975 et

190 1034 270 1075 pro
302 1021 387 1063 illis
421 1021 542 1064 libris
571 1022 721 1072 voluit,
753 1029 802 1065 ut
834 1022 892 1063 ibi
924 1022 1053 1071 dixit,
1081 1023 1355 1076 respondere,
1390 1021 1467 1064 sed
1505 1034 1592 1062 non
1623 1032 1703 1073 pro
1738 1016 1834 1058 aliis
1866 1015 1987 1056 libris

189 1101 278 1142 suis
310 1115 421 1155 quos
450 1103 546 1157 ipse
574 1103 806 1157 episcopus
834 1101 979 1144 Pecok
1009 1109 1115 1144 ante
1143 1102 1267 1144 illurn
1293 1102 1386 1156 (sic)
1412 1101 1647 1144 triennium
1677 1097 1861 1140 tradidit
1889 1094 1989 1137 aliis

187 1180 448 1233 hominibus,
469 1183 583 1237 quia,
603 1189 653 1225 ut
679 1184 806 1233 dixit,
828 1183 889 1224 illi
915 1183 1010 1224 libri
1042 1197 1131 1224 non
1151 1183 1325 1225 fuerunt
1345 1182 1526 1225 correcti
1554 1195 1633 1235 per
1660 1181 1803 1234 ipsum
1826 1176 1985 1226 Pecok,

187 1263 265 1304 sed
298 1262 595 1315 indeliberate,
628 1264 727 1306 aliis
762 1264 1027 1319 petentibus,
1062 1263 1162 1305 illos
1201 1264 1334 1306 libros
1374 1265 1639 1306 incorrectos
1674 1261 1736 1303 eis
1774 1257 1987 1307 tradidit;

188 1348 233 1383 et
267 1343 329 1384 sic
363 1350 518 1397 postea
554 1343 651 1386 libri
687 1344 793 1399 ejus,
835 1358 894 1386 sc.
914 1351 1103 1394 novem,
1134 1344 1372 1387 introducti
1405 1344 1579 1385 suerunt
1619 1342 1662 1383 in
1698 1338 1984 1394 praesenciam

186 1422 499 1478 archiepiscopi
540 1438 619 1479 per
658 1425 846 1466 eundem
890 1424 1068 1474 Pecok,
1120 1431 1166 1466 et
1205 1425 1371 1466 inventi
1413 1430 1518 1465 tunc
1564 1423 1740 1463 fuerunt
1780 1418 1842 1460 illi
1887 1416 1983 1458 libri

186 1502 323 1555 ipsius
356 1503 501 1546 Pecok
540 1505 584 1546 in
620 1505 816 1559 pluribus
856 1504 964 1547 locis
1003 1504 1232 1547 cancellati
1266 1512 1311 1547 et
1347 1505 1431 1546 rasi
1472 1505 1516 1544 in
1557 1501 1738 1544 diversis
1781 1499 1902 1547 locis,
1939 1504 1985 1539 et

186 1582 343 1624 iterum
373 1585 431 1626 de
461 1598 576 1626 novo
611 1585 758 1639 scripti
792 1598 870 1639 per
903 1585 1092 1626 eundem
1130 1585 1410 1639 episcopum3
1447 1590 1492 1625 et
1523 1583 1585 1625 sic
1616 1582 1756 1624 exivit
1788 1593 1816 1621 a
1848 1580 1983 1620 domo

184 1663 353 1705 concilii
383 1665 488 1719 regii
518 1667 636 1719 apud
658 1664 1099 1707 Westmonasterium
1130 1667 1214 1708 iste
1246 1665 1404 1714 Pecok,
1435 1666 1666 1718 episcopus
1697 1659 1983 1708 Cicistrensis,

183 1740 396 1786 Wallicus
418 1746 595 1800 origine,
617 1746 692 1800 qui
717 1746 946 1800 proposuit
970 1745 1115 1799 legem
1137 1752 1305 1787 naturae
1325 1759 1457 1800 supra
1487 1745 1758 1798 scripturam,
1779 1747 1824 1783 et
1850 1752 1982 1792 supra

183 1831 467 1873 sacramenta,
504 1832 549 1868 et
579 1827 653 1880 qui
686 1826 730 1867 in
759 1826 886 1868 factis
920 1826 1009 1867 suis
1036 1831 1082 1867 et
1111 1826 1255 1867 verbis
1284 1826 1411 1874 dixit,
1445 1825 1636 1867 ‘Anima
1666 1836 1765 1864 mea
1796 1825 1982 1862 nauseat

183 1916 313 1957 super
343 1906 440 1947 cibo
471 1906 547 1947 illo
584 1906 824 1957 levissimo,’
859 1920 915 1948 sc.
952 1907 1007 1947 de
1040 1907 1212 1960 scriptis
1242 1906 1393 1948 Sancti
1424 1905 1648 1959 Jeronimi‚
1682 1902 1835 1945 Sancti
1865 1900 1979 1942 Am-

183 1981 327 2035 brosii,
366 1984 519 2027 Sancti
558 1986 812 2041 Augustini,
853 1994 898 2028 et
945 1986 1096 2029 Sancti
1150 1986 1358 2041 Gregorii,
1390 1992 1436 2028 et
1474 1986 1660 2027 aliorum
1698 1989 1980 2030 sanctorum3

184 2076 333 2105 eorum
369 2065 485 2106 enim
520 2068 680 2122 scripta
712 2068 975 2120 vituperavit
1011 2073 1055 2107 et
1091 2067 1134 2107 in
1170 2067 1366 2121 pluribus
1404 2066 1481 2108 illa
1519 2079 1623 2107 vera
1658 2078 1754 2106 esse
1788 2062 1977 2116 negavit,

183 2149 228 2183 et
261 2144 422 2185 racioni
451 2159 542 2188 suae
574 2148 762 2201 propriae
790 2147 978 2189 adhaesit
1017 2148 1102 2188 ista
1138 2147 1285 2188 Pecok
1320 2149 1564 2202 episcopus.
1624 2145 1759 2186 Anno
1796 2141 1978 2183 Domini

184 2228 279 2263 mm⁰
318 2230 465 2266 cccc¹¹¹⁰
504 2227 867 2283 quinquagesimo
907 2227 997 2281 vij0,
1036 2228 1079 2268 in
1120 2228 1306 2269 sabbato
1344 2228 1455 2270 infra
1498 2233 1677 2269 octavas
1716 2222 1977 2266 sanctissimi

184 2303 376 2354 Martini,
412 2304 492 2347 Xti
525 2307 794 2358 confessoris,
828 2309 987 2350 citatus
1023 2314 1068 2350 et
1101 2309 1293 2350 monitus
1332 2322 1409 2363 per
1447 2307 1823 2361 archiepiscopum
1861 2302 1976 2344 Can-

182 2385 461 2437 watiensem,
483 2385 703 2430 Thomam
736 2390 961 2440 Bourcere,
992 2390 1274 2443 praesentavit
1308 2389 1635 2443 archiepiscopo
1671 2386 1732 2427 illi
1763 2385 1811 2425 ix
1842 2383 1976 2424 libros

182 2477 294 2517 quos
324 2463 469 2507 Pecok
498 2467 647 2519 edidit,
671 2475 720 2511 ut
749 2471 1025 2512 traderentur
1053 2482 1132 2523 per
1161 2469 1535 2523 archiepiscopum
1567 2468 1691 2509 illum
1722 2465 1975 2507 doctoribus

181 2545 412 2598 praecipuis
451 2546 509 2588 ad
549 2548 906 2602 examinandum,
945 2550 1021 2603 qui
1061 2555 1212 2591 contra
1254 2548 1398 2591 Pecok
1439 2550 1692 2604 episcopum
1732 2545 1871 2587 indies
1910 2545 1975 2585 in-

181 2624 370 2675 stabant,
402 2625 476 2679 qui
512 2625 658 2669 Pecok
692 2629 935 2684 episcopus,
974 2629 1180 2671 exclusus
1215 2629 1290 2670 illo
1324 2643 1442 2671 anno
1481 2630 1538 2671 de
1568 2626 1753 2669 concilio
1786 2625 1899 2679 regis
1929 2631 1974 2666 et

182 2705 318 2759 regni,
347 2706 518 2758 optavit
548 2713 594 2749 et
623 2708 759 2761 peciit
788 2711 907 2764 quod
939 2723 1027 2751 non
1060 2709 1329 2763 judicaretur
1362 2710 1603 2753 secundum
1633 2706 1845 2760 judicium
1878 2705 1974 2746 illo-

182 2798 277 2826 rum
312 2785 553 2836 doctorum,
588 2787 666 2828 sed
701 2801 780 2841 per
809 2789 892 2831 sibi
923 2804 1062 2844 pares,
1093 2803 1204 2843 quos
1237 2791 1470 2832 estimabat
1501 2802 1597 2831 esse
1627 2800 1714 2828 non
1744 2786 1974 2840 episcopos

182 2863 371 2918 Angliae,
406 2866 479 2919 qui
518 2872 636 2917 tunc,
676 2874 726 2909 ut
764 2870 1000 2912 credebant
1039 2869 1187 2923 aliqui,
1219 2871 1382 2914 inventi
1423 2875 1524 2912 sunt
1564 2868 1707 2908 minus
1745 2866 1971 2916 habentes,

1016 2949 1044 2979 E
1069 2952 1093 2979 e
1116 2950 1138 2977 2
