2456 3210
591 257 724 295 LOCI
757 255 798 291 E
834 253 1000 290 LIBRO
1045 250 1247 288 VERJTA
1256 251 1389 287 TUM.
1836 257 1887 299 91

91 401 283 454 trahunt,
315 402 450 444 verba
490 401 644 444 Sancti
675 398 889 453 Jeronimi
928 397 974 439 in
1013 394 1197 450 prologo
1233 394 1390 436 Bibliae
1429 393 1718 444 considerent,
1756 407 1817 436 sc.
1849 394 1893 435 in

92 481 280 536 epistola
301 481 455 524 Sancti
473 480 686 535 Jeronimi
709 479 767 521 ad
796 477 1028 520 Paulinum
1054 476 1113 518 de
1136 474 1353 518 Senatore
1382 475 1686 529 presbiterum.
1744 474 1895 516 Vicio·

91 561 312 604 sissimum
351 562 526 604 dicendi
566 574 708 615 genus
746 565 814 600 est
862 558 1102 612 depravare
1139 555 1386 597 sentencias
1427 560 1473 596 et
1518 555 1577 596 ad
1617 554 1894 596 voluntatem

92 655 219 684 suam
248 656 417 684 sacram
445 641 705 696 scripturam
733 639 907 681 trahere
933 641 1266 691 repugnantem.
1327 634 1434 676 Illas
1464 648 1570 688 ergo
1598 635 1807 676 veritates
1837 634 1896 676 de

93 722 385 776 indulgenciis
425 722 485 764 ab
531 721 711 763 homine
756 718 975 761 concessis
1022 723 1265 767 teneamus,
1309 729 1419 769 quas
1464 716 1604 757 sancti
1653 722 1801 769 patres
1849 720 1898 756 et

94 815 268 856 magnae
305 802 503 845 scienciae
537 802 741 843 doctores
780 798 951 853 magnis
991 803 1038 839 et
1073 796 1238 851 apertis
1275 796 1518 838 ostendunt
1557 796 1805 837 racionibus
1851 802 1898 838 et

95 882 338 924 manifestis
376 895 511 924 πει-ε
549 881 775 935 scripturae
809 877 1100 928 testimoniis3
1138 883 1266 919 tanta
1304 877 1424 918 enim
1463 881 1612 930 potest
1656 889 1753 917 esse
1791 889 1897 918 con-

94 963 237 1005 versio
265 968 311 1004 et
345 975 470 1004 amor
497 961 669 1003 divinus
699 961 745 1001 in
776 959 926 1001 animo
955 956 1211 1011 poenitentis
1240 956 1362 1010 quod
1392 957 1430 997 si
1464 970 1574 998 mox
1602 956 1751 997 anima
1781 962 1898 997 esset

94 1048 310 1096 separata,
338 1041 526 1084 totalem
556 1054 734 1095 prorsus
765 1039 932 1080 habent
965 1051 1112 1092 poenae
1146 1037 1267 1091 prius
1299 1037 1464 1078 debitae
1498 1036 1814 1086 remissionem,
1844 1043 1895 1078 ut

94 1122 290 1165 ostendit
324 1121 514 1164 Sanctus
545 1120 743 1163 Thomas
777 1120 822 1161 in
853 1123 900 1169 4⁰
931 1118 1045 1160 libro
1073 1117 1421 1160 Sentenciarum.
1480 1116 1598 1158 Tum
1634 1115 1795 1158 falsum
1827 1122 1896 1158 est

95 1203 217 1257 quod
255 1201 466 1257 quaelibet
503 1202 598 1243 dies
640 1199 920 1255 poenitenciae
959 1199 1004 1240 in
1043 1197 1243 1253 quolibet
1290 1197 1535 1252 poenitente
1585 1198 1629 1238 in
1671 1196 1755 1239 hac
1803 1197 1897 1239 vita

96 1288 287 1325 meretur
322 1297 352 1325 a
390 1282 492 1324 Deo
530 1281 832 1323 remissionem
871 1278 1072 1321 annualis
1113 1292 1261 1333 poenae
1300 1279 1346 1319 in
1385 1278 1640 1332 purgatorio
1680 1291 1757 1319 seu
1792 1284 1895 1332 post

94 1363 210 1406 hanc
236 1363 387 1404 vitam.
448 1362 599 1403 Plures
624 1361 743 1403 enim
767 1361 931 1410 dicunt,
958 1359 1203 1401 ‘Domine!
1235 1359 1453 1400 Domine!
1483 1358 1605 1412 aperi
1637 1355 1791 1407 nobis,'
1815 1359 1894 1399 sed

95 1444 200 1497 quia
231 1443 363 1485 corde
392 1449 437 1484 et
466 1456 599 1497 opere
629 1455 718 1483 non
748 1440 941 1483 clamant
971 1440 1073 1482 ideo
1101 1439 1299 1488 audiunt,
1338 1443 1349 1460 ‘
1362 1439 1526 1481 Nescio
1554 1437 1657 1487 vos,'
1687 1439 1714 1479 i.
1733 1453 1772 1480 e.
1804 1451 1894 1480 non

93 1523 305 1578 approbo.
366 1523 475 1564 Ideo
507 1536 607 1564 cum
642 1521 827 1564 concilio
864 1526 1030 1562 sanctae
1067 1520 1213 1562 viduae
1242 1520 1379 1573 Judit,
1414 1522 1426 1541 ‘
1442 1518 1776 1574 Indulgenciam
1806 1518 1894 1560 Dei

93 1603 201 1645 fusis
228 1603 416 1646 lacrimis
435 1602 720 1657 postulemus,
741 1608 787 1644 et
809 1600 1090 1642 humiliemus
1110 1599 1173 1640 illi
1196 1600 1368 1642 animas
1394 1605 1576 1650 nostras,
1597 1606 1643 1642 et
1666 1598 1712 1640 in
1734 1599 1890 1653 spiritu

94 1684 283 1726 contrito
312 1689 359 1725 et
388 1682 617 1724 humiliato
646 1681 883 1724 servientes
913 1681 975 1722 illi
1005 1681 1215 1731 dicamus,
1240 1679 1397 1722 flentes
1424 1679 1636 1729 Domine,
1660 1685 1709 1721 ut
1739 1692 1894 1721 secun·

97 1763 206 1804 dum
256 1763 532 1805 voluntatem
585 1776 712 1804 suam
767 1761 830 1803 sic
883 1760 1016 1802 faciat
1070 1760 1299 1802 nobiscum
1348 1760 1691 1802 misericordiam
1738 1756 1893 1800 suam.²

97 1843 224 1896 Judit
248 1841 294 1883 8⁰
318 1847 404 1886 ca0.
454 1843 496 1886 O
517 1843 727 1897 quociens
753 1842 901 1883 audivi
932 1841 1179 1882 mundanos
1206 1846 1253 1882 et
1280 1840 1512 1882 carnaliter
1537 1840 1736 1881 viventes
1765 1853 1893 1893 pom-

97 1924 243 1978 patice
280 1923 436 1975 dicere,
459 1926 470 1944 ‘
490 1923 596 1964 Non
634 1936 738 1965 curo
778 1921 980 1963 homines
1019 1921 1243 1973 indictam,
1281 1920 1401 1963 lucra
1439 1933 1602 1974 magna
1639 1920 1698 1961 ad
1737 1926 1893 1961 votum

96 2003 340 2058 adquirere,
358 2003 514 2045 viduas
544 2010 591 2045 et
619 2016 834 2058 pauperes
864 2001 1096 2056 exquisitis
1126 2007 1173 2044 et
1199 2001 1514 2056 apparentibus
1542 2000 1699 2042 mediis
1727 2000 1892 2053 depau-

97 2096 262 2138 perare,
296 2083 334 2125 si
365 2084 483 2125 enim
515 2084 707 2138 pessime
740 2097 883 2138 egero,
920 2096 999 2137 per
1035 2082 1336 2124 visitacionem
1366 2081 1468 2123 talis
1503 2080 1698 2123 ecclesiae
1733 2086 1780 2121 et
1813 2093 1892 2133 per

98 2162 373 2205 oblacionem
406 2163 604 2218 pecuniae
637 2163 879 2218 plenariam
915 2163 1216 2204 remissionem
1246 2162 1388 2216 culpae
1418 2168 1464 2203 et
1499 2174 1646 2215 poenae
1676 2159 1849 2200 habebo
1867 2156 1892 2199 !’

102 2243 144 2285 O
180 2256 314 2296 quam
348 2243 452 2285 caeci
483 2249 589 2285 sunt
623 2250 772 2286 mente
806 2244 880 2298 qui
913 2242 1021 2285 talia
1054 2241 1166 2284 falsa
1198 2240 1376 2284 dicunt!
1437 2241 1677 2295 Quomodo
1711 2238 1892 2280 solvitur

98 2322 283 2365 vinculis
302 2322 378 2376 qui
400 2322 582 2364 vinculis
600 2323 851 2365 detinetur?
901 2322 1141 2377 Quomodo
1159 2322 1341 2364 solvitur
1359 2336 1388 2364 a
1406 2321 1598 2376 peccatis
1617 2320 1691 2374 qui
1714 2332 1802 2359 non
1826 2331 1893 2359 re-

99 2402 261 2457 linquit
285 2402 518 2444 commissa
543 2416 623 2445 nec
648 2403 808 2446 affectu
836 2418 917 2445 nec
947 2403 1106 2445 effectu
1125 2402 1231 2444 facit
1256 2416 1390 2457 opera
1410 2415 1556 2444 coram
1579 2400 1678 2441 Deo
1707 2396 1892 2439 debita?

102 2485 191 2540 Qui
222 2496 327 2537 ergo
355 2482 521 2532 dicunt,
550 2496 599 2524 se
626 2484 720 2526 sine
748 2484 955 2539 operibus
980 2482 1202 2537 requisitis
1232 2495 1380 2524 coram
1401 2482 1501 2523 Deo
1530 2479 1704 2521 veniam
1733 2491 1762 2519 a
1791 2477 1892 2519 Deo

100 2565 275 2613 habere,
292 2562 459 2604 violant
489 2563 638 2605 Deum
666 2565 713 2606 in
741 2571 954 2619 quantum
984 2565 1029 2605 in
1059 2563 1165 2617 ipsis
1195 2570 1275 2612 est,
1295 2563 1399 2617 quia
1428 2562 1579 2603 dicunt
1604 2560 1750 2600 Deum
1779 2558 1893 2600 velle

100 2644 210 2686 illud
241 2643 360 2697 quod
389 2655 478 2684 non
505 2642 611 2692 vult,
639 2658 721 2686 nec
749 2645 953 2687 convenit
983 2645 1083 2685 Deo
1112 2643 1174 2684 sic
1202 2643 1327 2693 velle,
1352 2648 1399 2684 et
1427 2642 1579 2683 dicunt
1609 2639 1757 2679 Deum
1787 2637 1894 2679 dare

99 2726 288 2772 veniam,
315 2722 521 2777 graciam,
553 2730 599 2765 et
629 2723 817 2778 gloriam
844 2738 925 2779 per
958 2724 1065 2766 talia
1100 2723 1247 2765 media
1281 2737 1359 2777 per
1392 2735 1492 2775 quae
1528 2719 1674 2760 media
1702 2718 1740 2759 si
1770 2717 1895 2759 Deus

101 2805 227 2846 daret
258 2802 443 2857 injustus
474 2809 520 2844 et
545 2802 732 2846 violatus
765 2811 893 2847 esset.
954 2804 1090 2846 Unde
1121 2804 1179 2846 de
1202 2803 1364 2846 talibus
1396 2800 1502 2843 dicit
1530 2798 1760 2849 Dominus,
1780 2797 1893 2839 Eze-

958 2882 992 2913 Ν
1017 2884 1041 2913 2
1507 2878 1514 2889 ·
