2456 3210
442 245 525 299 '194
948 252 1079 289 LOCI
1116 252 1153 287 E
1192 251 1356 287 LIBRO
1407 250 1752 288 VERJTATUM.

446 408 527 437 sua
557 392 614 437 sit
641 410 793 438 secum
826 397 870 438 in
896 397 1196 439 confusionem
1229 397 1328 437 Deo
1359 396 1632 449 placentem!
1675 402 1719 438 et
1749 396 1827 438 tali
1859 397 1990 438 modo
2021 402 2066 438 et
2097 396 2253 437 mediis

445 475 609 518 talibus
658 477 834 519 fuerunt
885 478 1090 532 episcopi,
1138 491 1196 519 sc.
1248 477 1481 530 episcopus
1533 476 1825 529 Menevensis,
1878 477 1905 518 i.
1927 491 1965 518 e.
2010 477 2157 518 David
2208 477 2252 517 in

444 555 619 608 Wallia,
669 563 714 599 et
764 557 903 599 eciam
952 557 1203 599 Willelmus
1254 556 1412 606 Buthe,
1463 556 1817 613 archiepiscopus
1867 557 2159 600 Eboracensis
2207 556 2252 597 in

443 635 625 691 Anglia,
666 639 741 692 qui
782 652 863 679 nec
903 637 984 680 fuit
1023 638 1242 679 virtuosus
1283 637 1327 678 in
1369 638 1532 679 noticia
1572 637 1815 690 hominum,
1855 652 1935 680 nec
1976 638 2130 687 sciens,
2170 650 2251 679 nec

443 718 687 771 graduatus
718 718 762 759 in
783 718 931 772 aliqua
961 718 1171 760 facultate
1199 718 1244 758 in
1273 717 1421 772 aliqua
1451 719 1749 768 universitate,
1771 719 1849 761 sed
1881 719 2065 773 cupidus
2094 718 2252 772 legista

442 795 551 850 juris
587 798 724 852 regni,
761 798 836 852 qui
870 812 1011 852 nuper
1045 798 1237 852 optinuit
1266 812 1293 839 a
1324 798 1618 852 parliamento
1650 800 1772 854 regni
1803 799 1994 854 Angliae,
2021 812 2138 841 anno
2170 797 2251 839 Xti

449 885 574 930 1445,
610 878 838 921 licenciam
875 880 1189 934 appropriandi
1225 893 1361 920 unam
1398 879 1625 922 ecclesiam
1661 879 1956 934 parochialem
1991 893 2069 921 seu
2109 885 2250 921 recto-

445 957 556 999 riam
601 959 646 1000 in
687 973 767 1001 sua
815 960 979 1001 diocesi
1020 961 1094 1000 uni
1139 959 1363 1001 abbathiae
1414 974 1514 1002 cum
1554 960 1638 1002 ista
1688 961 1956 1011 condicione,
2005 960 2126 1014 quod
2175 958 2251 1000 illa

440 1037 654 1080 abbathia
697 1039 841 1082 solvat
891 1041 1120 1081 annuatim
1169 1039 1364 1081 ecclesiae
1413 1039 1652 1081 cathedrali
1694 1040 1962 1082 Eboracensi
2008 1054 2076 1081 xx
2116 1039 2249 1080 libras

441 1131 523 1172 pro
559 1120 760 1174 exequiis
790 1119 907 1161 illius
942 1121 1137 1175 episcopi
1178 1120 1239 1161 ibi
1280 1119 1552 1162 celebrandis
1583 1121 1838 1172 annuatim3
1881 1127 1926 1162 et
1961 1120 2093 1162 credo
2128 1119 2248 1174 quod

440 1200 655 1241 memoria
690 1199 785 1254 ejus
822 1201 904 1242 erit
940 1201 984 1242 in
1017 1201 1333 1242 malediccione
1363 1201 1407 1242 in
1444 1200 1669 1242 saeculum.
1733 1201 1825 1242 Iste
1859 1201 2097 1255 praedictus
2132 1200 2247 1254 epis-

438 1292 576 1333 copus
607 1280 810 1332 Eboraci,
842 1281 1091 1323 Willelmus
1128 1281 1286 1332 Buthe,
1323 1288 1373 1323 ut
1413 1281 1602 1323 habetur
1640 1295 1719 1336 per
1759 1295 1945 1335 magnas
1985 1281 2247 1330 evidencias,

435 1360 576 1402 odivit
617 1360 797 1402 clericos
838 1375 1023 1416 magnos
1067 1363 1111 1404 in
1153 1362 1344 1403 sciencia
1389 1369 1433 1403 et
1471 1362 1575 1411 vita,
1617 1367 1662 1403 et
1706 1362 1928 1415 promovit
1968 1362 2013 1402 in
2053 1360 2247 1403 ecclesiis

430 1439 614 1494 juvenes
645 1448 690 1483 et
719 1442 954 1497 nepotulos
985 1456 1098 1494 suoS‚
1121 1450 1165 1485 et
1198 1443 1337 1484 eciam
1368 1442 1548 1484 fratrem
1580 1455 1707 1483 suum
1730 1441 2034 1492 Laurencium,
2055 1442 2099 1482 in
2121 1441 2246 1483 adul-⁶

432 1522 544 1562 terio
585 1522 798 1575 genitum,
840 1523 897 1564 ad
946 1522 1066 1564 mille
1109 1537 1281 1565 marcas
1323 1523 1553 1564 annuatim
1592 1522 1840 1577 promovit3
1888 1527 1934 1563 et
1974 1522 2036 1563 sic
2081 1523 2126 1562 in
2165 1521 2244 1563 tali

435 1606 555 1642 statu
597 1602 722 1644 stetit
761 1602 929 1657 Anglia
969 1604 1013 1644 in
1054 1610 1255 1658 tempore
1301 1617 1413 1645 meo.
1476 1603 1662 1645 Utinam
1698 1617 1781 1657 ego
1817 1615 1958 1643 essem
1995 1615 2165 1656 pauper
2199 1608 2244 1643 et

437 1682 666 1723 mendicus
698 1683 755 1724 ad
787 1683 872 1724 Dei
904 1684 1129 1738 placitum,
1161 1685 1223 1726 sic
1254 1685 1375 1738 quod
1406 1685 1547 1726 sancti
1577 1683 1657 1724 viri
1688 1689 1733 1725 et
1763 1682 1911 1724 devoti
1942 1688 1987 1724 et
2017 1682 2243 1724 scientifici

432 1768 582 1803 essent
621 1763 811 1816 promoti
854 1770 898 1806 et
939 1770 1142 1817 regerent
1182 1779 1308 1807 curas
1348 1765 1594 1807 animarum
1634 1778 1735 1806 cum
1777 1763 1943 1805 eisdem
1984 1763 2240 1804 residentes.

436 1841 536 1883 Deo
567 1842 685 1884 enim
717 1844 816 1885 vivo
855 1850 900 1886 et
930 1860 1033 1886 vero
1074 1860 1248 1900 semper
1281 1847 1338 1888 sit
1373 1846 1469 1888 laus
1504 1859 1583 1887 sua
1619 1845 1701 1887 sibi
1737 1844 1886 1886 debita
1922 1858 2002 1898 pro
2037 1843 2242 1885 omnibus

433 1923 598 1964 sanctis
639 1924 727 1964 suis
769 1931 812 1965 et
848 1924 1024 1977 judiciis
1060 1927 1149 1967 suis
1184 1927 1316 1980 justis
1357 1933 1401 1968 et
1439 1926 1809 1980 promissionibus,
1844 1926 1918 1979 qui
1959 1925 2081 1966 novit
2120 1924 2240 1978 quod

434 2017 518 2057 ego
559 2003 758 2046 Thomas
801 2005 1060 2061 Gascoigne,
1100 2007 1318 2061 Anglicus
1359 2008 1607 2056 nativitate,
1648 2020 1872 2060 nunquam
1922 2005 2055 2047 habui
2106 2004 2238 2047 michi

431 2084 631 2126 oblatam
662 2085 858 2140 aliquam
888 2088 1175 2141 praebendam
1207 2089 1251 2129 in
1282 2089 1431 2143 aliqua
1461 2087 1643 2130 ecclesia
1670 2086 1850 2141 Angliae
1881 2087 1942 2141 xij
1977 2099 2237 2134 marcarum,

433 2166 720 2220 praebendam
760 2173 911 2208 tamen
954 2168 1124 2210 Combe
1165 2169 1361 2220 decimae,
1402 2169 1447 2210 in
1492 2167 1674 2210 ecclesia
1710 2167 1934 2218 Wellensi,
1971 2167 2097 2221 quasi
2136 2172 2238 2208 octo

435 2247 566 2288 michi
617 2261 861 2289 marcarum
912 2250 1141 2290 annuatim
1188 2250 1313 2291 dedit
1359 2248 1490 2290 michi
1540 2248 1669 2289 bonae
1720 2248 1955 2298 memoriae,
1994 2253 2045 2290 ut
2092 2246 2235 2296 credo,

431 2327 665 2382 episcopus
694 2327 942 2377 Wellensis,
975 2330 1180 2371 dominus
1210 2329 1409 2371 Thomas
1438 2327 1724 2381 Bekynfelde,
1754 2328 1910 2370 doctor
1934 2327 2043 2382 juris
2074 2327 2235 2370 civilis!

434 2406 681 2449 Cardinalis
721 2409 859 2450 eciam
895 2408 1123 2461 Johannes
1157 2410 1348 2464 Kempe,
1389 2415 1495 2450 tunc
1536 2407 1887 2462 archiepiscopus
1929 2407 2234 2456 Eboracensis,

430 2487 555 2529 dedit
590 2488 722 2530 michi
755 2489 799 2529 in
836 2501 968 2530 manu
1006 2503 1103 2530 mea
1140 2490 1440 2539 collacionem,
1471 2488 1679 2542 scriptam
1712 2489 1794 2530 sub
1829 2503 1910 2530 suo
1945 2488 2101 2542 sigillo,
2131 2501 2235 2529 can-

429 2568 701 2610 cellariatum
733 2557 1023 2611 Eboracensis
1055 2570 1259 2619 eeclesiae,
1290 2575 1392 2624 post
1423 2574 1611 2610 mortem
1645 2569 1837 2611 doctoris
1864 2569 2046 2622 Kexby,
2068 2569 2232 2609 ibidem

428 2649 685 2700 cancellarii,
723 2663 856 2703 quem
896 2649 1253 2691 cancellariatum
1293 2662 1519 2702 nunquam
1563 2650 1732 2703 recepi3
1775 2656 1819 2691 et
1855 2663 1942 2690 una
1981 2662 2111 2690 causa
2151 2647 2233 2689 fuit

426 2728 531 2781 quia
569 2735 808 2783 proventus
847 2735 892 2771 et
933 2729 1131 2771 redditus
1175 2729 1290 2771 illius
1330 2727 1662 2770 cancellariatus
1695 2729 1987 2770 Eboracensis
2026 2733 2147 2770 stant
2187 2728 2229 2768 in

426 2808 670 2851 redditibus
711 2823 788 2851 seu
820 2809 1002 2852 decimis
1043 2809 1230 2851 duarum
1263 2808 1543 2851 ecclesiarum
1583 2809 1912 2862 parochialium,
1943 2822 2042 2863 quae
2071 2820 2230 2862 appro-
