<?xml version="1.0" encoding="UTF-8"?>
<!DOCTYPE html PUBLIC "-//W3C//DTD XHTML 1.0 Transitional//EN"
    "http://www.w3.org/TR/xhtml1/DTD/xhtml1-transitional.dtd">
<html xmlns="http://www.w3.org/1999/xhtml" xml:lang="en" lang="en">
 <head>
  <title>
</title>
<meta http-equiv="Content-Type" content="text/html;charset=utf-8" />
  <meta name='ocr-system' content='tesseract 3.04.00' />
  <meta name='ocr-capabilities' content='ocr_page ocr_carea ocr_par ocr_line ocrx_word'/>
</head>
<body>
  <div class='ocr_page' id='page_1' title='image "./locielibroverita00gascuoft_0196.png"; bbox 0 0 2456 3210; ppageno 0'>
   <div class='ocr_carea' id='block_1_1' title="bbox 507 220 1808 273">
    <p class='ocr_par' dir='ltr' id='par_1_1' title="bbox 507 220 1808 273">
     <span class='ocr_line' id='line_1_1' title="bbox 507 220 1808 273; baseline -0.005 -11"><span class='ocrx_word' id='word_1_1' title='bbox 507 231 563 273; x_wconf 91' lang='lat'>94</span> <span class='ocrx_word' id='word_1_2' title='bbox 922 234 927 240; x_wconf 79' lang='lat'><em>,</em></span> <span class='ocrx_word' id='word_1_3' title='bbox 1010 224 1141 260; x_wconf 77' lang='lat' dir='ltr'>Locl</span> <span class='ocrx_word' id='word_1_4' title='bbox 1174 223 1213 257; x_wconf 85' lang='lat' dir='ltr'><em>E</em></span> <span class='ocrx_word' id='word_1_5' title='bbox 1252 222 1417 257; x_wconf 80' lang='lat' dir='ltr'><em>LIBRO</em></span> <span class='ocrx_word' id='word_1_6' title='bbox 1464 220 1664 255; x_wconf 77' lang='lat' dir='ltr'><em>VERJTA</em></span> <span class='ocrx_word' id='word_1_7' title='bbox 1677 220 1808 256; x_wconf 83' lang='lat' dir='ltr'><em>TUM.</em></span> 
     </span>
    </p>
   </div>
   <div class='ocr_carea' id='block_1_2' title="bbox 503 362 2354 2831">
    <p class='ocr_par' dir='ltr' id='par_1_2' title="bbox 507 362 2310 663">
     <span class='ocr_line' id='line_1_2' title="bbox 507 362 2308 428; baseline -0.003 -19"><span class='ocrx_word' id='word_1_8' title='bbox 507 369 759 424; x_wconf 86' lang='lat' dir='ltr'>integritate</span> <span class='ocrx_word' id='word_1_9' title='bbox 783 368 1212 411; x_wconf 89' lang='lat' dir='ltr'>circumstanciarum</span> <span class='ocrx_word' id='word_1_10' title='bbox 1236 379 1335 420; x_wconf 85' lang='lat' dir='ltr'>quae</span> <span class='ocrx_word' id='word_1_11' title='bbox 1361 364 1637 418; x_wconf 88' lang='lat' dir='ltr'>requiruntur</span> <span class='ocrx_word' id='word_1_12' title='bbox 1660 364 1718 405; x_wconf 89' lang='lat' dir='ltr'>ad</span> <span class='ocrx_word' id='word_1_13' title='bbox 1742 362 1878 405; x_wconf 89' lang='lat' dir='ltr'>talem</span> <span class='ocrx_word' id='word_1_14' title='bbox 1905 368 2066 428; x_wconf 83' lang='lat' dir='ltr'>actum,</span> <span class='ocrx_word' id='word_1_15' title='bbox 2087 368 2136 405; x_wconf 90' lang='lat' dir='ltr'>ut</span> <span class='ocrx_word' id='word_1_16' title='bbox 2163 367 2308 403; x_wconf 88' lang='lat' dir='ltr'>osten-</span> 
     </span>
     <span class='ocr_line' id='line_1_3' title="bbox 508 443 2307 502; baseline -0.004 -11"><span class='ocrx_word' id='word_1_17' title='bbox 508 450 574 491; x_wconf 86' lang='lat' dir='ltr'>dit</span> <span class='ocrx_word' id='word_1_18' title='bbox 597 449 785 491; x_wconf 89' lang='lat' dir='ltr'>Sanctus</span> <span class='ocrx_word' id='word_1_19' title='bbox 806 449 1003 490; x_wconf 81' lang='lat' dir='ltr'>Thomas</span> <span class='ocrx_word' id='word_1_20' title='bbox 1025 448 1081 489; x_wconf 93' lang='lat' dir='ltr'>de</span> <span class='ocrx_word' id='word_1_21' title='bbox 1100 447 1282 502; x_wconf 90' lang='lat' dir='ltr'>Aquino</span> <span class='ocrx_word' id='word_1_22' title='bbox 1310 459 1439 500; x_wconf 91' lang='lat' dir='ltr'>super</span> <span class='ocrx_word' id='word_1_23' title='bbox 1466 446 1707 487; x_wconf 90' lang='lat' dir='ltr'>secundum</span> <span class='ocrx_word' id='word_1_24' title='bbox 1730 443 2076 494; x_wconf 88' lang='lat' dir='ltr'>Sentenciarum,</span> <span class='ocrx_word' id='word_1_25' title='bbox 2099 449 2143 485; x_wconf 93' lang='lat' dir='ltr'>et</span> <span class='ocrx_word' id='word_1_26' title='bbox 2167 443 2307 485; x_wconf 88' lang='lat' dir='ltr'>eciam</span> 
     </span>
     <span class='ocr_line' id='line_1_4' title="bbox 508 514 2308 583; baseline -0.004 -13"><span class='ocrx_word' id='word_1_27' title='bbox 508 530 664 571; x_wconf 88' lang='lat' dir='ltr'>doctor</span> <span class='ocrx_word' id='word_1_28' title='bbox 683 528 855 571; x_wconf 91' lang='lat' dir='ltr'>subtilis</span> <span class='ocrx_word' id='word_1_29' title='bbox 876 529 1085 583; x_wconf 85' lang='lat' dir='ltr'>magister</span> <span class='ocrx_word' id='word_1_30' title='bbox 1104 527 1329 582; x_wconf 90' lang='lat' dir='ltr'>Johannes</span> <span class='ocrx_word' id='word_1_31' title='bbox 1350 525 1491 566; x_wconf 88' lang='lat' dir='ltr'>Duns.</span> <span class='ocrx_word' id='word_1_32' title='bbox 1551 514 1695 566; x_wconf 87' lang='lat' dir='ltr'>Actus</span> <span class='ocrx_word' id='word_1_33' title='bbox 1717 523 1833 565; x_wconf 92' lang='lat' dir='ltr'>enim</span> <span class='ocrx_word' id='word_1_34' title='bbox 1854 524 2011 566; x_wconf 88' lang='lat' dir='ltr'>dicitur</span> <span class='ocrx_word' id='word_1_35' title='bbox 2034 523 2079 564; x_wconf 91' lang='lat' dir='ltr'>in</span> <span class='ocrx_word' id='word_1_36' title='bbox 2099 537 2147 565; x_wconf 90' lang='lat' dir='ltr'>se</span> <span class='ocrx_word' id='word_1_37' title='bbox 2167 522 2308 564; x_wconf 89' lang='lat' dir='ltr'>malus</span> 
     </span>
     <span class='ocr_line' id='line_1_5' title="bbox 508 602 2310 663; baseline -0.003 -14"><span class='ocrx_word' id='word_1_38' title='bbox 508 610 686 663; x_wconf 89' lang='lat' dir='ltr'>quando</span> <span class='ocrx_word' id='word_1_39' title='bbox 722 609 865 651; x_wconf 88' lang='lat' dir='ltr'>tendit</span> <span class='ocrx_word' id='word_1_40' title='bbox 901 609 945 649; x_wconf 92' lang='lat' dir='ltr'>in</span> <span class='ocrx_word' id='word_1_41' title='bbox 986 607 1210 662; x_wconf 89' lang='lat' dir='ltr'>objectum</span> <span class='ocrx_word' id='word_1_42' title='bbox 1246 620 1334 648; x_wconf 92' lang='lat' dir='ltr'>non</span> <span class='ocrx_word' id='word_1_43' title='bbox 1370 619 1511 655; x_wconf 90' lang='lat' dir='ltr'>suum,</span> <span class='ocrx_word' id='word_1_44' title='bbox 1553 618 1633 646; x_wconf 92' lang='lat' dir='ltr'>nec</span> <span class='ocrx_word' id='word_1_45' title='bbox 1673 604 1757 645; x_wconf 89' lang='lat' dir='ltr'><strong>sibi</strong></span> <span class='ocrx_word' id='word_1_46' title='bbox 1791 603 2065 655; x_wconf 87' lang='lat' dir='ltr'>conveniens,</span> <span class='ocrx_word' id='word_1_47' title='bbox 2099 602 2170 644; x_wconf 91' lang='lat' dir='ltr'>vel</span> <span class='ocrx_word' id='word_1_48' title='bbox 2205 602 2310 656; x_wconf 91' lang='lat' dir='ltr'>quia</span> 
     </span>
    </p>

    <p class='ocr_par' dir='ltr' id='par_1_3' title="bbox 503 667 2354 2831">
     <span class='ocr_line' id='line_1_6' title="bbox 507 667 2354 742; baseline -0.004 -11"><span class='ocrx_word' id='word_1_49' title='bbox 507 690 651 731; x_wconf 92' lang='lat' dir='ltr'>tendit</span> <span class='ocrx_word' id='word_1_50' title='bbox 688 690 730 730; x_wconf 92' lang='lat' dir='ltr'>in</span> <span class='ocrx_word' id='word_1_51' title='bbox 768 688 990 742; x_wconf 89' lang='lat' dir='ltr'>objectum</span> <span class='ocrx_word' id='word_1_52' title='bbox 1031 688 1294 729; x_wconf 90' lang='lat' dir='ltr'>conveniens</span> <span class='ocrx_word' id='word_1_53' title='bbox 1333 686 1463 738; x_wconf 91' lang='lat' dir='ltr'>actui,</span> <span class='ocrx_word' id='word_1_54' title='bbox 1498 685 1576 727; x_wconf 90' lang='lat' dir='ltr'>sed</span> <span class='ocrx_word' id='word_1_55' title='bbox 1617 691 1735 737; x_wconf 89' lang='lat' dir='ltr'>caret</span> <span class='ocrx_word' id='word_1_56' title='bbox 1770 682 2112 726; x_wconf 89' lang='lat' dir='ltr'>circumstanciis</span> <span class='ocrx_word' id='word_1_57' title='bbox 2146 682 2310 725; x_wconf 85' lang='lat' dir='ltr'>debitis</span> <span class='ocrx_word' id='word_1_58' title='bbox 2351 667 2354 669; x_wconf 15' lang='lat' dir='ltr'>v</span> 
     </span>
     <span class='ocr_line' id='line_1_7' title="bbox 508 762 2308 822; baseline -0.004 -10"><span class='ocrx_word' id='word_1_59' title='bbox 508 771 635 819; x_wconf 91' lang='lat' dir='ltr'>actui,</span> <span class='ocrx_word' id='word_1_60' title='bbox 669 784 728 811; x_wconf 92' lang='lat' dir='ltr'>sc.</span> <span class='ocrx_word' id='word_1_61' title='bbox 762 769 857 820; x_wconf 88' lang='lat' dir='ltr'>loci,</span> <span class='ocrx_word' id='word_1_62' title='bbox 889 768 959 809; x_wconf 91' lang='lat' dir='ltr'>vel</span> <span class='ocrx_word' id='word_1_63' title='bbox 995 768 1218 822; x_wconf 89' lang='lat' dir='ltr'>temporis,</span> <span class='ocrx_word' id='word_1_64' title='bbox 1250 766 1319 808; x_wconf 91' lang='lat' dir='ltr'>vel</span> <span class='ocrx_word' id='word_1_65' title='bbox 1354 779 1566 821; x_wconf 84' lang='lat' dir='ltr'>personae,</span> <span class='ocrx_word' id='word_1_66' title='bbox 1600 765 1703 819; x_wconf 92' lang='lat' dir='ltr'>quia</span> <span class='ocrx_word' id='word_1_67' title='bbox 1738 778 1825 806; x_wconf 90' lang='lat' dir='ltr'>non</span> <span class='ocrx_word' id='word_1_68' title='bbox 1862 764 2065 806; x_wconf 91' lang='lat' dir='ltr'>convenit</span> <span class='ocrx_word' id='word_1_69' title='bbox 2099 762 2177 805; x_wconf 87' lang='lat' dir='ltr'>tali</span> <span class='ocrx_word' id='word_1_70' title='bbox 2212 776 2308 817; x_wconf 90' lang='lat' dir='ltr'>per-</span> 
     </span>
     <span class='ocr_line' id='line_1_8' title="bbox 508 842 2308 901; baseline -0.004 -10"><span class='ocrx_word' id='word_1_71' title='bbox 508 864 627 891; x_wconf 85' lang='lat' dir='ltr'>sonae</span> <span class='ocrx_word' id='word_1_72' title='bbox 657 850 727 891; x_wconf 90' lang='lat' dir='ltr'>vel</span> <span class='ocrx_word' id='word_1_73' title='bbox 762 849 858 891; x_wconf 89' lang='lat' dir='ltr'>aliis</span> <span class='ocrx_word' id='word_1_74' title='bbox 893 848 1248 891; x_wconf 88' lang='lat' dir='ltr'>circumstanciis.</span> <span class='ocrx_word' id='word_1_75' title='bbox 1311 847 1582 901; x_wconf 90' lang='lat' dir='ltr'>Dispensans</span> <span class='ocrx_word' id='word_1_76' title='bbox 1618 847 1750 895; x_wconf 89' lang='lat' dir='ltr'>enim,</span> <span class='ocrx_word' id='word_1_77' title='bbox 1779 844 1850 886; x_wconf 92' lang='lat' dir='ltr'>vel</span> <span class='ocrx_word' id='word_1_78' title='bbox 1883 844 2117 886; x_wconf 86' lang='lat' dir='ltr'>licencians</span> <span class='ocrx_word' id='word_1_79' title='bbox 2142 842 2308 897; x_wconf 89' lang='lat' dir='ltr'>aliquid</span> 
     </span>
     <span class='ocr_line' id='line_1_9' title="bbox 508 923 2310 982; baseline -0.004 -11"><span class='ocrx_word' id='word_1_80' title='bbox 508 930 612 980; x_wconf 90' lang='lat' dir='ltr'>fieri,</span> <span class='ocrx_word' id='word_1_81' title='bbox 638 930 707 972; x_wconf 92' lang='lat' dir='ltr'>vel</span> <span class='ocrx_word' id='word_1_82' title='bbox 731 944 819 971; x_wconf 93' lang='lat' dir='ltr'>non</span> <span class='ocrx_word' id='word_1_83' title='bbox 847 929 952 979; x_wconf 89' lang='lat' dir='ltr'>fieri,</span> <span class='ocrx_word' id='word_1_84' title='bbox 982 937 1027 972; x_wconf 91' lang='lat' dir='ltr'>et</span> <span class='ocrx_word' id='word_1_85' title='bbox 1057 929 1263 971; x_wconf 89' lang='lat' dir='ltr'>ordinans</span> <span class='ocrx_word' id='word_1_86' title='bbox 1291 928 1446 982; x_wconf 87' lang='lat' dir='ltr'>legem,</span> <span class='ocrx_word' id='word_1_87' title='bbox 1470 926 1541 968; x_wconf 91' lang='lat' dir='ltr'>vel</span> <span class='ocrx_word' id='word_1_88' title='bbox 1571 926 1845 968; x_wconf 88' lang='lat' dir='ltr'>sentencians</span> <span class='ocrx_word' id='word_1_89' title='bbox 1871 924 2049 979; x_wconf 87' lang='lat' dir='ltr'>aliquid,</span> <span class='ocrx_word' id='word_1_90' title='bbox 2075 923 2310 966; x_wconf 88' lang='lat' dir='ltr'>attendent</span> 
     </span>
     <span class='ocr_line' id='line_1_10' title="bbox 507 1004 2308 1060; baseline -0.004 -8"><span class='ocrx_word' id='word_1_91' title='bbox 507 1010 564 1051; x_wconf 90' lang='lat' dir='ltr'>ad</span> <span class='ocrx_word' id='word_1_92' title='bbox 599 1010 733 1052; x_wconf 91' lang='lat' dir='ltr'>verba</span> <span class='ocrx_word' id='word_1_93' title='bbox 764 1010 957 1060; x_wconf 85' lang='lat' dir='ltr'>Domini,</span> <span class='ocrx_word' id='word_1_94' title='bbox 990 1009 1324 1051; x_wconf 92' lang='lat' dir='ltr'>Deuteronomii</span> <span class='ocrx_word' id='word_1_95' title='bbox 1360 1006 1430 1048; x_wconf 88' lang='lat'>18⁰</span> <span class='ocrx_word' id='word_1_96' title='bbox 1461 1012 1555 1056; x_wconf 89' lang='lat' dir='ltr'>ca⁰.,</span> <span class='ocrx_word' id='word_1_97' title='bbox 1586 1006 1878 1060; x_wconf 85' lang='lat' dir='ltr'>‘Judicabunt</span> <span class='ocrx_word' id='word_1_98' title='bbox 1907 1005 1987 1047; x_wconf 89' lang='lat' dir='ltr'>tibi</span> <span class='ocrx_word' id='word_1_99' title='bbox 2017 1004 2170 1058; x_wconf 90' lang='lat' dir='ltr'>judicii</span> <span class='ocrx_word' id='word_1_100' title='bbox 2198 1004 2308 1045; x_wconf 88' lang='lat' dir='ltr'>veri-</span> 
     </span>
     <span class='ocr_line' id='line_1_11' title="bbox 507 1085 2308 1144; baseline -0.004 -12"><span class='ocrx_word' id='word_1_101' title='bbox 507 1097 645 1132; x_wconf 83' lang='lat' dir='ltr'><strong>tatem</strong></span> <span class='ocrx_word' id='word_1_102' title='bbox 676 1097 721 1132; x_wconf 89' lang='lat' dir='ltr'>et</span> <span class='ocrx_word' id='word_1_103' title='bbox 750 1090 882 1132; x_wconf 89' lang='lat' dir='ltr'>facies</span> <span class='ocrx_word' id='word_1_104' title='bbox 913 1090 1206 1144; x_wconf 92' lang='lat' dir='ltr'>quodcunque</span> <span class='ocrx_word' id='word_1_105' title='bbox 1233 1089 1426 1130; x_wconf 86' lang='lat' dir='ltr'>dixerint</span> <span class='ocrx_word' id='word_1_106' title='bbox 1454 1088 1529 1142; x_wconf 92' lang='lat' dir='ltr'>qui</span> <span class='ocrx_word' id='word_1_107' title='bbox 1559 1093 1753 1141; x_wconf 86' lang='lat' dir='ltr'>praesunt</span> <span class='ocrx_word' id='word_1_108' title='bbox 1779 1086 1888 1136; x_wconf 89' lang='lat' dir='ltr'>loco,</span> <span class='ocrx_word' id='word_1_109' title='bbox 1918 1092 1962 1127; x_wconf 92' lang='lat' dir='ltr'>et</span> <span class='ocrx_word' id='word_1_110' title='bbox 1989 1085 2233 1126; x_wconf 86' lang='lat' dir='ltr'>docuerunt</span> <span class='ocrx_word' id='word_1_111' title='bbox 2262 1090 2308 1126; x_wconf 93' lang='lat' dir='ltr'>te</span> 
     </span>
     <span class='ocr_line' id='line_1_12' title="bbox 503 1163 2308 1225; baseline -0.003 -13"><span class='ocrx_word' id='word_1_112' title='bbox 503 1170 634 1224; x_wconf 84' lang='lat' dir='ltr'>juxta</span> <span class='ocrx_word' id='word_1_113' title='bbox 663 1170 784 1225; x_wconf 88' lang='lat' dir='ltr'>leges</span> <span class='ocrx_word' id='word_1_114' title='bbox 814 1171 912 1221; x_wconf 92' lang='lat' dir='ltr'>Dei,</span> <span class='ocrx_word' id='word_1_115' title='bbox 942 1176 987 1211; x_wconf 89' lang='lat' dir='ltr'>et</span> <span class='ocrx_word' id='word_1_116' title='bbox 1018 1171 1093 1224; x_wconf 91' lang='lat' dir='ltr'>qui</span> <span class='ocrx_word' id='word_1_117' title='bbox 1124 1184 1211 1211; x_wconf 95' lang='lat' dir='ltr'>non</span> <span class='ocrx_word' id='word_1_118' title='bbox 1243 1168 1487 1211; x_wconf 83' lang='lat' dir='ltr'>obediverit</span> <span class='ocrx_word' id='word_1_119' title='bbox 1516 1167 1756 1210; x_wconf 91' lang='lat' dir='ltr'>sacerdotis</span> <span class='ocrx_word' id='word_1_120' title='bbox 1786 1166 1968 1220; x_wconf 89' lang='lat' dir='ltr'>imperio</span> <span class='ocrx_word' id='word_1_121' title='bbox 2001 1163 2231 1215; x_wconf 89' lang='lat' dir='ltr'>morietur,’</span> <span class='ocrx_word' id='word_1_122' title='bbox 2258 1170 2308 1206; x_wconf 93' lang='lat' dir='ltr'>ut</span> 
     </span>
     <span class='ocr_line' id='line_1_13' title="bbox 508 1244 2308 1304; baseline -0.003 -14"><span class='ocrx_word' id='word_1_123' title='bbox 508 1251 671 1292; x_wconf 87' lang='lat' dir='ltr'>ibidem</span> <span class='ocrx_word' id='word_1_124' title='bbox 707 1251 905 1304; x_wconf 83' lang='lat' dir='ltr'>praecipit</span> <span class='ocrx_word' id='word_1_125' title='bbox 941 1250 1174 1291; x_wconf 86' lang='lat' dir='ltr'>Dominus.</span> <span class='ocrx_word' id='word_1_126' title='bbox 1247 1248 1536 1303; x_wconf 89' lang='lat' dir='ltr'>Dispensacio</span> <span class='ocrx_word' id='word_1_127' title='bbox 1566 1248 1682 1289; x_wconf 92' lang='lat' dir='ltr'>enim</span> <span class='ocrx_word' id='word_1_128' title='bbox 1712 1246 1783 1288; x_wconf 92' lang='lat' dir='ltr'>vel</span> <span class='ocrx_word' id='word_1_129' title='bbox 1819 1245 2068 1288; x_wconf 90' lang='lat' dir='ltr'>licenciacio</span> <span class='ocrx_word' id='word_1_130' title='bbox 2099 1244 2232 1299; x_wconf 84' lang='lat' dir='ltr'>Papae</span> <span class='ocrx_word' id='word_1_131' title='bbox 2262 1251 2308 1286; x_wconf 89' lang='lat' dir='ltr'>et</span> 
     </span>
     <span class='ocr_line' id='line_1_14' title="bbox 507 1325 2307 1385; baseline -0.003 -13"><span class='ocrx_word' id='word_1_132' title='bbox 507 1331 685 1373; x_wconf 89' lang='lat' dir='ltr'>alterius</span> <span class='ocrx_word' id='word_1_133' title='bbox 709 1337 977 1385; x_wconf 89' lang='lat' dir='ltr'>potestatem</span> <span class='ocrx_word' id='word_1_134' title='bbox 1002 1331 1285 1385; x_wconf 91' lang='lat' dir='ltr'>dispensandi</span> <span class='ocrx_word' id='word_1_135' title='bbox 1313 1329 1515 1372; x_wconf 89' lang='lat' dir='ltr'>habentis</span> <span class='ocrx_word' id='word_1_136' title='bbox 1543 1329 1661 1371; x_wconf 90' lang='lat' dir='ltr'>tollit</span> <span class='ocrx_word' id='word_1_137' title='bbox 1691 1327 2038 1382; x_wconf 90' lang='lat' dir='ltr'>prohibicionem</span> <span class='ocrx_word' id='word_1_138' title='bbox 2067 1325 2307 1368; x_wconf 85' lang='lat' dir='ltr'>humanam</span> 
     </span>
     <span class='ocr_line' id='line_1_15' title="bbox 508 1407 2308 1465; baseline -0.002 -14"><span class='ocrx_word' id='word_1_139' title='bbox 508 1412 551 1451; x_wconf 93' lang='lat' dir='ltr'>in</span> <span class='ocrx_word' id='word_1_140' title='bbox 572 1411 669 1465; x_wconf 85' lang='lat' dir='ltr'>lege</span> <span class='ocrx_word' id='word_1_141' title='bbox 691 1413 852 1465; x_wconf 90' lang='lat' dir='ltr'>scripta</span> <span class='ocrx_word' id='word_1_142' title='bbox 874 1412 1088 1465; x_wconf 83' lang='lat' dir='ltr'>positiva3</span> <span class='ocrx_word' id='word_1_143' title='bbox 1121 1418 1168 1453; x_wconf 93' lang='lat' dir='ltr'>ut</span> <span class='ocrx_word' id='word_1_144' title='bbox 1190 1417 1314 1452; x_wconf 88' lang='lat' dir='ltr'>actus</span> <span class='ocrx_word' id='word_1_145' title='bbox 1336 1411 1380 1452; x_wconf 90' lang='lat' dir='ltr'>in</span> <span class='ocrx_word' id='word_1_146' title='bbox 1405 1425 1452 1452; x_wconf 88' lang='lat' dir='ltr'>se</span> <span class='ocrx_word' id='word_1_147' title='bbox 1477 1409 1727 1451; x_wconf 86' lang='lat' dir='ltr'>indifferens</span> <span class='ocrx_word' id='word_1_148' title='bbox 1753 1422 1840 1450; x_wconf 93' lang='lat' dir='ltr'>non</span> <span class='ocrx_word' id='word_1_149' title='bbox 1861 1408 1917 1449; x_wconf 93' lang='lat' dir='ltr'>sit</span> <span class='ocrx_word' id='word_1_150' title='bbox 1938 1408 1982 1449; x_wconf 92' lang='lat' dir='ltr'>in</span> <span class='ocrx_word' id='word_1_151' title='bbox 2010 1407 2139 1449; x_wconf 92' lang='lat' dir='ltr'>certis</span> <span class='ocrx_word' id='word_1_152' title='bbox 2167 1407 2308 1449; x_wconf 89' lang='lat' dir='ltr'>causis</span> 
     </span>
     <span class='ocr_line' id='line_1_16' title="bbox 508 1488 2307 1545; baseline -0.002 -14"><span class='ocrx_word' id='word_1_153' title='bbox 508 1491 841 1532; x_wconf 82' lang='lat' dir='ltr'>racionabilibus</span> <span class='ocrx_word' id='word_1_154' title='bbox 861 1492 966 1533; x_wconf 89' lang='lat' dir='ltr'>dato</span> <span class='ocrx_word' id='word_1_155' title='bbox 986 1492 1153 1533; x_wconf 91' lang='lat' dir='ltr'>homini</span> <span class='ocrx_word' id='word_1_156' title='bbox 1175 1491 1432 1545; x_wconf 88' lang='lat' dir='ltr'>prohibitus,</span> <span class='ocrx_word' id='word_1_157' title='bbox 1453 1505 1506 1532; x_wconf 92' lang='lat' dir='ltr'>eo</span> <span class='ocrx_word' id='word_1_158' title='bbox 1527 1490 1646 1544; x_wconf 92' lang='lat' dir='ltr'>quod</span> <span class='ocrx_word' id='word_1_159' title='bbox 1669 1488 1899 1531; x_wconf 89' lang='lat' dir='ltr'>manifesta</span> <span class='ocrx_word' id='word_1_160' title='bbox 1920 1488 2048 1536; x_wconf 91' lang='lat' dir='ltr'>racio,</span> <span class='ocrx_word' id='word_1_161' title='bbox 2065 1502 2143 1530; x_wconf 90' lang='lat' dir='ltr'>seu</span> <span class='ocrx_word' id='word_1_162' title='bbox 2165 1500 2307 1529; x_wconf 87' lang='lat' dir='ltr'>rerum</span> 
     </span>
     <span class='ocr_line' id='line_1_17' title="bbox 510 1568 2308 1622; baseline -0.002 -10"><span class='ocrx_word' id='word_1_163' title='bbox 510 1571 745 1622; x_wconf 90' lang='lat' dir='ltr'>evidencia,</span> <span class='ocrx_word' id='word_1_164' title='bbox 766 1572 1038 1613; x_wconf 89' lang='lat' dir='ltr'>demonstrat</span> <span class='ocrx_word' id='word_1_165' title='bbox 1062 1572 1287 1613; x_wconf 91' lang='lat' dir='ltr'>hominem</span> <span class='ocrx_word' id='word_1_166' title='bbox 1317 1572 1361 1612; x_wconf 93' lang='lat' dir='ltr'>in</span> <span class='ocrx_word' id='word_1_167' title='bbox 1394 1571 1522 1613; x_wconf 90' lang='lat' dir='ltr'>certis</span> <span class='ocrx_word' id='word_1_168' title='bbox 1550 1570 1723 1612; x_wconf 86' lang='lat' dir='ltr'>casibus</span> <span class='ocrx_word' id='word_1_169' title='bbox 1751 1582 1838 1610; x_wconf 92' lang='lat' dir='ltr'>non</span> <span class='ocrx_word' id='word_1_170' title='bbox 1867 1583 1961 1610; x_wconf 90' lang='lat' dir='ltr'>esse</span> <span class='ocrx_word' id='word_1_171' title='bbox 1988 1568 2183 1610; x_wconf 87' lang='lat' dir='ltr'>debitam</span> <span class='ocrx_word' id='word_1_172' title='bbox 2215 1581 2308 1609; x_wconf 89' lang='lat' dir='ltr'>ma—</span> 
     </span>
     <span class='ocr_line' id='line_1_18' title="bbox 509 1648 2307 1706; baseline -0.001 -15"><span class='ocrx_word' id='word_1_173' title='bbox 509 1652 664 1692; x_wconf 88' lang='lat' dir='ltr'>teriam</span> <span class='ocrx_word' id='word_1_174' title='bbox 709 1652 833 1692; x_wconf 86' lang='lat' dir='ltr'>istius</span> <span class='ocrx_word' id='word_1_175' title='bbox 875 1652 994 1706; x_wconf 82' lang='lat' dir='ltr'>legiS‚</span> <span class='ocrx_word' id='word_1_176' title='bbox 1035 1658 1084 1693; x_wconf 91' lang='lat' dir='ltr'>ut</span> <span class='ocrx_word' id='word_1_177' title='bbox 1123 1653 1180 1693; x_wconf 91' lang='lat' dir='ltr'>ad</span> <span class='ocrx_word' id='word_1_178' title='bbox 1225 1652 1319 1705; x_wconf 90' lang='lat' dir='ltr'>ejus</span> <span class='ocrx_word' id='word_1_179' title='bbox 1359 1652 1689 1693; x_wconf 90' lang='lat' dir='ltr'>observanciam</span> <span class='ocrx_word' id='word_1_180' title='bbox 1729 1652 1774 1691; x_wconf 88' lang='lat' dir='ltr'>in</span> <span class='ocrx_word' id='word_1_181' title='bbox 1812 1649 1891 1691; x_wconf 83' lang='lat' dir='ltr'>tali</span> <span class='ocrx_word' id='word_1_182' title='bbox 1933 1663 2035 1691; x_wconf 91' lang='lat' dir='ltr'>casu</span> <span class='ocrx_word' id='word_1_183' title='bbox 2075 1648 2307 1703; x_wconf 75' lang='lat' dir='ltr'>obligetur,</span> 
     </span>
     <span class='ocr_line' id='line_1_19' title="bbox 511 1728 2307 1784; baseline -0.002 -13"><span class='ocrx_word' id='word_1_184' title='bbox 511 1730 782 1784; x_wconf 82' lang='lat' dir='ltr'>Exemplum</span> <span class='ocrx_word' id='word_1_185' title='bbox 807 1731 875 1772; x_wconf 88' lang='lat' dir='ltr'>hic</span> <span class='ocrx_word' id='word_1_186' title='bbox 902 1738 968 1773; x_wconf 90' lang='lat' dir='ltr'>est</span> <span class='ocrx_word' id='word_1_187' title='bbox 990 1733 1032 1772; x_wconf 94' lang='lat' dir='ltr'>in</span> <span class='ocrx_word' id='word_1_188' title='bbox 1055 1746 1170 1773; x_wconf 91' lang='lat' dir='ltr'>casu.</span> <span class='ocrx_word' id='word_1_189' title='bbox 1232 1733 1361 1774; x_wconf 90' lang='lat' dir='ltr'>Unus</span> <span class='ocrx_word' id='word_1_190' title='bbox 1382 1732 1516 1773; x_wconf 94' lang='lat' dir='ltr'>homo</span> <span class='ocrx_word' id='word_1_191' title='bbox 1541 1731 1816 1781; x_wconf 91' lang='lat' dir='ltr'>scientificus,</span> <span class='ocrx_word' id='word_1_192' title='bbox 1838 1729 2057 1771; x_wconf 86' lang='lat' dir='ltr'>excellens</span> <span class='ocrx_word' id='word_1_193' title='bbox 2078 1729 2122 1770; x_wconf 90' lang='lat' dir='ltr'>in</span> <span class='ocrx_word' id='word_1_194' title='bbox 2147 1728 2307 1776; x_wconf 82' lang='lat' dir='ltr'>sancti·</span> 
     </span>
     <span class='ocr_line' id='line_1_20' title="bbox 509 1809 2306 1868; baseline -0.002 -15"><span class='ocrx_word' id='word_1_195' title='bbox 509 1817 602 1853; x_wconf 87' lang='lat' dir='ltr'>tate</span> <span class='ocrx_word' id='word_1_196' title='bbox 641 1811 756 1863; x_wconf 80' lang='lat' dir='ltr'>vitae,</span> <span class='ocrx_word' id='word_1_197' title='bbox 796 1819 1033 1866; x_wconf 89' lang='lat' dir='ltr'>occupatus</span> <span class='ocrx_word' id='word_1_198' title='bbox 1074 1814 1117 1854; x_wconf 91' lang='lat' dir='ltr'>in</span> <span class='ocrx_word' id='word_1_199' title='bbox 1158 1827 1260 1855; x_wconf 91' lang='lat' dir='ltr'>cura</span> <span class='ocrx_word' id='word_1_200' title='bbox 1301 1827 1462 1868; x_wconf 85' lang='lat' dir='ltr'>magna</span> <span class='ocrx_word' id='word_1_201' title='bbox 1501 1813 1758 1862; x_wconf 88' lang='lat' dir='ltr'>animarum,</span> <span class='ocrx_word' id='word_1_202' title='bbox 1798 1811 1842 1851; x_wconf 92' lang='lat' dir='ltr'>in</span> <span class='ocrx_word' id='word_1_203' title='bbox 1882 1810 2023 1851; x_wconf 91' lang='lat' dir='ltr'>salute</span> <span class='ocrx_word' id='word_1_204' title='bbox 2062 1809 2306 1851; x_wconf 87' lang='lat' dir='ltr'>animarum</span> 
     </span>
     <span class='ocr_line' id='line_1_21' title="bbox 510 1890 2307 1948; baseline -0.001 -16"><span class='ocrx_word' id='word_1_205' title='bbox 510 1898 796 1944; x_wconf 88' lang='lat' dir='ltr'>consumptus</span> <span class='ocrx_word' id='word_1_206' title='bbox 827 1891 981 1944; x_wconf 87' lang='lat' dir='ltr'>ethica,</span> <span class='ocrx_word' id='word_1_207' title='bbox 1010 1894 1035 1934; x_wconf 90' lang='lat' dir='ltr'>i.</span> <span class='ocrx_word' id='word_1_208' title='bbox 1050 1907 1085 1935; x_wconf 88' lang='lat' dir='ltr'>e.</span> <span class='ocrx_word' id='word_1_209' title='bbox 1114 1895 1455 1948; x_wconf 90' lang='lat' dir='ltr'>consumpcione</span> <span class='ocrx_word' id='word_1_210' title='bbox 1485 1893 1651 1935; x_wconf 92' lang='lat' dir='ltr'>decidit</span> <span class='ocrx_word' id='word_1_211' title='bbox 1680 1893 1725 1934; x_wconf 89' lang='lat' dir='ltr'>in</span> <span class='ocrx_word' id='word_1_212' title='bbox 1750 1891 1926 1942; x_wconf 89' lang='lat' dir='ltr'>lectum,</span> <span class='ocrx_word' id='word_1_213' title='bbox 1951 1890 2072 1932; x_wconf 92' lang='lat' dir='ltr'>vovit</span> <span class='ocrx_word' id='word_1_214' title='bbox 2101 1903 2180 1944; x_wconf 91' lang='lat' dir='ltr'>pro</span> <span class='ocrx_word' id='word_1_215' title='bbox 2211 1895 2307 1931; x_wconf 86' lang='lat' dir='ltr'>tota</span> 
     </span>
     <span class='ocr_line' id='line_1_22' title="bbox 509 1968 2306 2027; baseline -0.001 -15"><span class='ocrx_word' id='word_1_216' title='bbox 509 1973 600 2013; x_wconf 92' lang='lat' dir='ltr'>vita</span> <span class='ocrx_word' id='word_1_217' title='bbox 626 1985 706 2013; x_wconf 86' lang='lat' dir='ltr'>sua</span> <span class='ocrx_word' id='word_1_218' title='bbox 733 1971 882 2013; x_wconf 86' lang='lat' dir='ltr'>stricto</span> <span class='ocrx_word' id='word_1_219' title='bbox 908 1972 1073 2026; x_wconf 91' lang='lat' dir='ltr'>jejunio</span> <span class='ocrx_word' id='word_1_220' title='bbox 1099 1973 1309 2027; x_wconf 89' lang='lat' dir='ltr'>jejunare,</span> <span class='ocrx_word' id='word_1_221' title='bbox 1336 1974 1414 2015; x_wconf 92' lang='lat' dir='ltr'>tali</span> <span class='ocrx_word' id='word_1_222' title='bbox 1442 1973 1514 2015; x_wconf 92' lang='lat' dir='ltr'>die</span> <span class='ocrx_word' id='word_1_223' title='bbox 1543 1974 1587 2014; x_wconf 90' lang='lat' dir='ltr'>in</span> <span class='ocrx_word' id='word_1_224' title='bbox 1609 1987 1699 2027; x_wconf 88' lang='lat' dir='ltr'>qua</span> <span class='ocrx_word' id='word_1_225' title='bbox 1724 1972 1760 2013; x_wconf 90' lang='lat' dir='ltr'>si</span> <span class='ocrx_word' id='word_1_226' title='bbox 1790 1972 1851 2013; x_wconf 92' lang='lat' dir='ltr'>sic</span> <span class='ocrx_word' id='word_1_227' title='bbox 1876 1970 2046 2025; x_wconf 89' lang='lat' dir='ltr'>jejunet</span> <span class='ocrx_word' id='word_1_228' title='bbox 2072 1968 2306 2011; x_wconf 89' lang='lat' dir='ltr'>verisimile</span> 
     </span>
     <span class='ocr_line' id='line_1_23' title="bbox 511 2050 2306 2109; baseline -0.002 -16"><span class='ocrx_word' id='word_1_229' title='bbox 511 2058 577 2094; x_wconf 89' lang='lat' dir='ltr'>est</span> <span class='ocrx_word' id='word_1_230' title='bbox 618 2053 737 2106; x_wconf 91' lang='lat' dir='ltr'>quod</span> <span class='ocrx_word' id='word_1_231' title='bbox 778 2052 1054 2105; x_wconf 88' lang='lat' dir='ltr'>periclitabit.</span> <span class='ocrx_word' id='word_1_232' title='bbox 1124 2054 1225 2107; x_wconf 90' lang='lat' dir='ltr'>Jam</span> <span class='ocrx_word' id='word_1_233' title='bbox 1267 2055 1371 2096; x_wconf 92' lang='lat' dir='ltr'>boni</span> <span class='ocrx_word' id='word_1_234' title='bbox 1410 2054 1569 2109; x_wconf 86' lang='lat' dir='ltr'>judicis</span> <span class='ocrx_word' id='word_1_235' title='bbox 1608 2052 1845 2107; x_wconf 90' lang='lat' dir='ltr'>spiritualis</span> <span class='ocrx_word' id='word_1_236' title='bbox 1880 2057 1948 2093; x_wconf 91' lang='lat' dir='ltr'>est</span> <span class='ocrx_word' id='word_1_237' title='bbox 1983 2050 2228 2092; x_wconf 92' lang='lat' dir='ltr'>discernere</span> <span class='ocrx_word' id='word_1_238' title='bbox 2261 2055 2306 2091; x_wconf 87' lang='lat' dir='ltr'>et</span> 
     </span>
     <span class='ocr_line' id='line_1_24' title="bbox 504 2129 2304 2188; baseline -0.002 -13"><span class='ocrx_word' id='word_1_239' title='bbox 504 2133 714 2187; x_wconf 88' lang='lat' dir='ltr'>judicare,</span> <span class='ocrx_word' id='word_1_240' title='bbox 744 2133 887 2187; x_wconf 92' lang='lat' dir='ltr'>ipsum</span> <span class='ocrx_word' id='word_1_241' title='bbox 919 2147 1006 2174; x_wconf 89' lang='lat' dir='ltr'>non</span> <span class='ocrx_word' id='word_1_242' title='bbox 1038 2148 1131 2175; x_wconf 90' lang='lat' dir='ltr'>esse</span> <span class='ocrx_word' id='word_1_243' title='bbox 1163 2135 1391 2177; x_wconf 86' lang='lat' dir='ltr'>materiam</span> <span class='ocrx_word' id='word_1_244' title='bbox 1422 2135 1546 2177; x_wconf 89' lang='lat' dir='ltr'>istius</span> <span class='ocrx_word' id='word_1_245' title='bbox 1575 2135 1696 2188; x_wconf 89' lang='lat' dir='ltr'>legis,</span> <span class='ocrx_word' id='word_1_246' title='bbox 1730 2146 1810 2175; x_wconf 91' lang='lat' dir='ltr'>nec</span> <span class='ocrx_word' id='word_1_247' title='bbox 1840 2132 1897 2174; x_wconf 91' lang='lat' dir='ltr'>ad</span> <span class='ocrx_word' id='word_1_248' title='bbox 1928 2132 2057 2173; x_wconf 88' lang='lat' dir='ltr'>istam</span> <span class='ocrx_word' id='word_1_249' title='bbox 2087 2130 2196 2186; x_wconf 89' lang='lat' dir='ltr'>legis</span> <span class='ocrx_word' id='word_1_250' title='bbox 2226 2129 2304 2172; x_wconf 91' lang='lat' dir='ltr'>ob-</span> 
     </span>
     <span class='ocr_line' id='line_1_25' title="bbox 510 2210 2305 2267; baseline -0.002 -12"><span class='ocrx_word' id='word_1_251' title='bbox 510 2215 779 2257; x_wconf 89' lang='lat' dir='ltr'>servanciam</span> <span class='ocrx_word' id='word_1_252' title='bbox 808 2213 944 2267; x_wconf 87' lang='lat' dir='ltr'>ligari,</span> <span class='ocrx_word' id='word_1_253' title='bbox 969 2228 1055 2267; x_wconf 90' lang='lat' dir='ltr'>qua</span> <span class='ocrx_word' id='word_1_254' title='bbox 1082 2215 1327 2258; x_wconf 89' lang='lat' dir='ltr'>decernitur</span> <span class='ocrx_word' id='word_1_255' title='bbox 1358 2223 1403 2258; x_wconf 89' lang='lat' dir='ltr'>et</span> <span class='ocrx_word' id='word_1_256' title='bbox 1428 2216 1635 2258; x_wconf 85' lang='lat' dir='ltr'>statuitur</span> <span class='ocrx_word' id='word_1_257' title='bbox 1664 2227 1795 2256; x_wconf 89' lang='lat' dir='ltr'>omne</span> <span class='ocrx_word' id='word_1_258' title='bbox 1820 2219 1974 2255; x_wconf 91' lang='lat' dir='ltr'>votum</span> <span class='ocrx_word' id='word_1_259' title='bbox 2004 2212 2172 2254; x_wconf 89' lang='lat' dir='ltr'>licitum</span> <span class='ocrx_word' id='word_1_260' title='bbox 2201 2210 2305 2252; x_wconf 89' lang='lat' dir='ltr'>sim-</span> 
     </span>
     <span class='ocr_line' id='line_1_26' title="bbox 510 2290 2304 2351; baseline -0.003 -15"><span class='ocrx_word' id='word_1_261' title='bbox 510 2295 679 2349; x_wconf 89' lang='lat' dir='ltr'>pliciter</span> <span class='ocrx_word' id='word_1_262' title='bbox 713 2295 1047 2346; x_wconf 87' lang='lat' dir='ltr'>observandum,</span> <span class='ocrx_word' id='word_1_263' title='bbox 1083 2302 1127 2337; x_wconf 90' lang='lat' dir='ltr'>et</span> <span class='ocrx_word' id='word_1_264' title='bbox 1167 2297 1249 2338; x_wconf 87' lang='lat' dir='ltr'>ista</span> <span class='ocrx_word' id='word_1_265' title='bbox 1287 2298 1424 2339; x_wconf 91' lang='lat' dir='ltr'>virtus</span> <span class='ocrx_word' id='word_1_266' title='bbox 1458 2311 1534 2338; x_wconf 89' lang='lat' dir='ltr'>seu</span> <span class='ocrx_word' id='word_1_267' title='bbox 1574 2295 1812 2351; x_wconf 90' lang='lat' dir='ltr'>prudencia</span> <span class='ocrx_word' id='word_1_268' title='bbox 1846 2293 2045 2343; x_wconf 88' lang='lat' dir='ltr'>docendi,</span> <span class='ocrx_word' id='word_1_269' title='bbox 2079 2290 2304 2345; x_wconf 93' lang='lat' dir='ltr'>quomodo</span> 
     </span>
     <span class='ocr_line' id='line_1_27' title="bbox 511 2370 2302 2430; baseline -0.003 -13"><span class='ocrx_word' id='word_1_270' title='bbox 511 2382 554 2417; x_wconf 91' lang='lat' dir='ltr'>et</span> <span class='ocrx_word' id='word_1_271' title='bbox 580 2376 757 2429; x_wconf 88' lang='lat' dir='ltr'>quando</span> <span class='ocrx_word' id='word_1_272' title='bbox 782 2375 858 2416; x_wconf 87' lang='lat' dir='ltr'>lex</span> <span class='ocrx_word' id='word_1_273' title='bbox 887 2374 1081 2416; x_wconf 90' lang='lat' dir='ltr'>humana</span> <span class='ocrx_word' id='word_1_274' title='bbox 1106 2376 1239 2418; x_wconf 89' lang='lat' dir='ltr'>debet</span> <span class='ocrx_word' id='word_1_275' title='bbox 1267 2378 1496 2427; x_wconf 86' lang='lat' dir='ltr'>observari,</span> <span class='ocrx_word' id='word_1_276' title='bbox 1520 2383 1564 2419; x_wconf 92' lang='lat' dir='ltr'>et</span> <span class='ocrx_word' id='word_1_277' title='bbox 1591 2376 1768 2430; x_wconf 92' lang='lat' dir='ltr'>quando</span> <span class='ocrx_word' id='word_1_278' title='bbox 1796 2388 1883 2416; x_wconf 90' lang='lat' dir='ltr'>non</span> <span class='ocrx_word' id='word_1_279' title='bbox 1911 2373 2044 2415; x_wconf 91' lang='lat' dir='ltr'>debet</span> <span class='ocrx_word' id='word_1_280' title='bbox 2071 2370 2302 2419; x_wconf 88' lang='lat' dir='ltr'>observari,</span> 
     </span>
     <span class='ocr_line' id='line_1_28' title="bbox 510 2451 2302 2509; baseline -0.003 -13"><span class='ocrx_word' id='word_1_281' title='bbox 510 2456 669 2497; x_wconf 89' lang='lat' dir='ltr'>dicitur</span> <span class='ocrx_word' id='word_1_282' title='bbox 707 2455 906 2509; x_wconf 90' lang='lat' dir='ltr'>epikeya,</span> <span class='ocrx_word' id='word_1_283' title='bbox 943 2461 993 2495; x_wconf 89' lang='lat' dir='ltr'>ut</span> <span class='ocrx_word' id='word_1_284' title='bbox 1033 2455 1224 2499; x_wconf 83' lang='lat' dir='ltr'>declarat</span> <span class='ocrx_word' id='word_1_285' title='bbox 1261 2458 1430 2499; x_wconf 86' lang='lat' dir='ltr'>Doctor</span> <span class='ocrx_word' id='word_1_286' title='bbox 1469 2457 1725 2498; x_wconf 89' lang='lat' dir='ltr'>Franciscus</span> <span class='ocrx_word' id='word_1_287' title='bbox 1759 2455 1815 2496; x_wconf 92' lang='lat' dir='ltr'>de</span> <span class='ocrx_word' id='word_1_288' title='bbox 1851 2453 2059 2503; x_wconf 91' lang='lat' dir='ltr'>Maronis,</span> <span class='ocrx_word' id='word_1_289' title='bbox 2093 2451 2163 2492; x_wconf 92' lang='lat' dir='ltr'>De</span> <span class='ocrx_word' id='word_1_290' title='bbox 2202 2464 2302 2505; x_wconf 91' lang='lat' dir='ltr'>pro-</span> 
     </span>
     <span class='ocr_line' id='line_1_29' title="bbox 510 2531 2304 2584; baseline -0.003 -8"><span class='ocrx_word' id='word_1_291' title='bbox 510 2536 651 2578; x_wconf 90' lang='lat' dir='ltr'>vincia</span> <span class='ocrx_word' id='word_1_292' title='bbox 688 2536 936 2584; x_wconf 85' lang='lat' dir='ltr'>Provinciae,</span> <span class='ocrx_word' id='word_1_293' title='bbox 970 2534 1012 2575; x_wconf 90' lang='lat' dir='ltr'>in</span> <span class='ocrx_word' id='word_1_294' title='bbox 1049 2535 1158 2576; x_wconf 90' lang='lat' dir='ltr'>libro</span> <span class='ocrx_word' id='word_1_295' title='bbox 1190 2550 1268 2578; x_wconf 90' lang='lat' dir='ltr'>suo</span> <span class='ocrx_word' id='word_1_296' title='bbox 1302 2538 1372 2579; x_wconf 92' lang='lat' dir='ltr'>De</span> <span class='ocrx_word' id='word_1_297' title='bbox 1403 2538 1637 2579; x_wconf 90' lang='lat' dir='ltr'>virtutibus</span> <span class='ocrx_word' id='word_1_298' title='bbox 1672 2534 1920 2577; x_wconf 89' lang='lat' dir='ltr'>moralibus.</span> <span class='ocrx_word' id='word_1_299' title='bbox 1980 2531 2207 2573; x_wconf 91' lang='lat' dir='ltr'>Provincia</span> <span class='ocrx_word' id='word_1_300' title='bbox 2236 2534 2304 2572; x_wconf 90' lang='lat' dir='ltr'>est</span> 
     </span>
     <span class='ocr_line' id='line_1_30' title="bbox 512 2610 2302 2671; baseline -0.003 -15"><span class='ocrx_word' id='word_1_301' title='bbox 512 2630 671 2657; x_wconf 91' lang='lat' dir='ltr'>nomen</span> <span class='ocrx_word' id='word_1_302' title='bbox 692 2617 914 2671; x_wconf 89' lang='lat' dir='ltr'>proprium</span> <span class='ocrx_word' id='word_1_303' title='bbox 936 2615 1062 2656; x_wconf 87' lang='lat' dir='ltr'>unius</span> <span class='ocrx_word' id='word_1_304' title='bbox 1083 2617 1326 2669; x_wconf 81' lang='lat' dir='ltr'>provinciae.</span> <span class='ocrx_word' id='word_1_305' title='bbox 1388 2618 1480 2659; x_wconf 92' lang='lat' dir='ltr'>Isto</span> <span class='ocrx_word' id='word_1_306' title='bbox 1506 2618 1640 2659; x_wconf 93' lang='lat' dir='ltr'>modo</span> <span class='ocrx_word' id='word_1_307' title='bbox 1664 2615 1866 2657; x_wconf 87' lang='lat' dir='ltr'>solebant</span> <span class='ocrx_word' id='word_1_308' title='bbox 1891 2613 2028 2655; x_wconf 88' lang='lat' dir='ltr'>sancti</span> <span class='ocrx_word' id='word_1_309' title='bbox 2049 2618 2194 2666; x_wconf 87' lang='lat' dir='ltr'>patres</span> <span class='ocrx_word' id='word_1_310' title='bbox 2214 2610 2302 2652; x_wconf 90' lang='lat' dir='ltr'>dis-</span> 
     </span>
     <span class='ocr_line' id='line_1_31' title="bbox 512 2690 2302 2750; baseline -0.003 -14"><span class='ocrx_word' id='word_1_311' title='bbox 512 2709 694 2748; x_wconf 89' lang='lat' dir='ltr'>pensare</span> <span class='ocrx_word' id='word_1_312' title='bbox 721 2710 796 2738; x_wconf 90' lang='lat' dir='ltr'>seu</span> <span class='ocrx_word' id='word_1_313' title='bbox 828 2696 1067 2746; x_wconf 86' lang='lat' dir='ltr'>licenciare,</span> <span class='ocrx_word' id='word_1_314' title='bbox 1092 2696 1210 2748; x_wconf 89' lang='lat' dir='ltr'>quod</span> <span class='ocrx_word' id='word_1_315' title='bbox 1240 2696 1354 2737; x_wconf 91' lang='lat' dir='ltr'>idem</span> <span class='ocrx_word' id='word_1_316' title='bbox 1381 2703 1458 2746; x_wconf 86' lang='lat' dir='ltr'>est,</span> <span class='ocrx_word' id='word_1_317' title='bbox 1485 2710 1544 2738; x_wconf 92' lang='lat' dir='ltr'>sc.</span> <span class='ocrx_word' id='word_1_318' title='bbox 1571 2697 1781 2750; x_wconf 90' lang='lat' dir='ltr'>judicare,</span> <span class='ocrx_word' id='word_1_319' title='bbox 1802 2693 2026 2749; x_wconf 89' lang='lat' dir='ltr'>quomodo</span> <span class='ocrx_word' id='word_1_320' title='bbox 2053 2698 2096 2734; x_wconf 93' lang='lat' dir='ltr'>et</span> <span class='ocrx_word' id='word_1_321' title='bbox 2124 2690 2302 2745; x_wconf 88' lang='lat' dir='ltr'>quando</span> 
     </span>
     <span class='ocr_line' id='line_1_32' title="bbox 512 2775 2302 2831; baseline -0.003 -15"><span class='ocrx_word' id='word_1_322' title='bbox 512 2776 762 2818; x_wconf 88' lang='lat' dir='ltr'>observacio</span> <span class='ocrx_word' id='word_1_323' title='bbox 790 2776 899 2831; x_wconf 88' lang='lat' dir='ltr'>legis</span> <span class='ocrx_word' id='word_1_324' title='bbox 926 2776 1129 2818; x_wconf 83' lang='lat' dir='ltr'>humanae</span> <span class='ocrx_word' id='word_1_325' title='bbox 1157 2776 1342 2829; x_wconf 85' lang='lat' dir='ltr'>scriptae‚</span> <span class='ocrx_word' id='word_1_326' title='bbox 1369 2790 1444 2818; x_wconf 89' lang='lat' dir='ltr'>seu</span> <span class='ocrx_word' id='word_1_327' title='bbox 1475 2777 1684 2829; x_wconf 75' lang='lat' dir='ltr'>positivae,</span> <span class='ocrx_word' id='word_1_328' title='bbox 1706 2776 1849 2818; x_wconf 91' lang='lat' dir='ltr'>tendit</span> <span class='ocrx_word' id='word_1_329' title='bbox 1876 2775 1919 2816; x_wconf 92' lang='lat' dir='ltr'>in</span> <span class='ocrx_word' id='word_1_330' title='bbox 1948 2778 2232 2827; x_wconf 86' lang='lat' dir='ltr'>augmentum</span> <span class='ocrx_word' id='word_1_331' title='bbox 2257 2775 2302 2811; x_wconf 90' lang='lat' dir='ltr'>et</span> 
     </span>
    </p>
   </div>
  </div>
 </body>
</html>
