2456 3210
671 263 805 299 LOCI
838 263 878 298 E
915 262 1082 298 LIBRO
1127 260 1471 300 VERJTATUM.
1920 264 1973 309 73

170 407 441 452 voluntas.”'
498 410 580 452 Vae
611 409 716 452 illis!
758 410 834 464 qui
869 409 1023 452 dicunt
1056 408 1164 451 illud
1195 408 1369 451 Genisis
1403 409 1627 451 tricesimo
1662 412 1710 458 4⁰
1745 406 1972 461 capitulo;

172 503 308 533 unum
353 496 420 532 est
459 504 548 544 quo
588 490 787 532 differtur
829 496 1004 532 tantum
1047 490 1226 540 bonum,
1266 489 1302 530 si
1348 489 1712 531 circumcidamus
1753 486 1971 529 masculos

173 576 357 621 nostros,
369 570 620 612 substancia
638 571 840 621 virorum,
854 576 900 612 et
920 576 1076 612 cuncta
1090 584 1191 624 quae
1211 570 1451 624 possident,
1468 576 1617 611 nostra
1638 574 1778 610 erunt.
1838 567 1975 609 Tales

173 656 276 692 sunt
296 651 370 704 qui
390 651 555 697 dicunt,
577 652 588 671 ‘
604 650 823 704 Pauperes
846 664 997 692 sumus
1018 656 1063 692 et
1082 650 1202 698 viles,
1224 651 1302 692 sed
1324 650 1360 691 si
1381 650 1646 691 voluerimus
1666 648 1976 691 circumcidere

174 744 267 778 nos,
296 736 342 772 et
367 744 568 785 separare
596 744 623 772 a
649 730 775 772 nobis
804 737 949 772 vestes
976 729 1217 781 saeculares‚
1246 738 1291 772 et
1320 743 1485 785 paucos
1514 743 1666 771 eorum
1696 735 1832 779 actus,
1859 734 1976 778 tunc,

174 811 387 852 intrantes
407 811 673 865 religionem,
693 810 954 852 habebimus
973 811 1248 853 voluntatem
1282 818 1491 860 nostram,
1513 817 1559 852 et
1580 809 1795 852 desideria
1815 816 1977 858 nostra,

174 898 222 933 et
241 892 352 933 servi
374 891 459 932 Dei
480 891 778 945 reputabimur
801 899 846 933 et
865 891 1129 942 vocabimur,
1149 899 1195 933 et
1215 892 1332 933 bona
1353 891 1615 933 habebimus
1637 889 1898 944 temporalia
1918 889 1976 930 ad

175 979 328 1013 votum
348 971 405 1012 ab
426 971 520 1022 hiis,
540 972 614 1025 qui
636 972 819 1013 credunt
838 985 886 1012 se
905 972 1077 1013 actibus
1099 972 1259 1014 nostris
1280 971 1439 1013 elevari
1461 971 1504 1012 in
1526 967 1729 1021 coelum3'
1760 977 1805 1011 et
1825 977 1976 1011 tamen

176 1052 336 1093 dicitur
367 1051 411 1092 in
444 1051 632 1101 Psalmo,
664 1051 851 1093 ‘Oracio
886 1051 981 1104 ejus
1010 1051 1088 1093 fiat
1119 1052 1162 1092 in
1194 1049 1452 1105 peccatum!
1513 1050 1674 1093 Oracio
1704 1050 1821 1091 enim
1850 1049 1902 1090 fit
1933 1049 1977 1089 in

176 1138 420 1186 peccatum,
437 1146 513 1173 seu
530 1131 712 1173 includit
734 1132 900 1173 malum
922 1139 966 1173 et
987 1132 1222 1183 defectum,
1239 1133 1419 1186 quando
1436 1145 1567 1174 orans
1588 1145 1676 1172 non
1698 1138 1795 1172 orat
1816 1130 1979 1179 debite,

177 1218 227 1254 ut
266 1218 420 1264 oraret,
458 1226 576 1264 voce,
615 1219 732 1263 voto,
773 1220 818 1254 et
857 1212 975 1253 bono
1024 1226 1167 1266 opere,
1209 1218 1258 1253 ut
1297 1219 1486 1254 testatur
1530 1211 1721 1253 Sanctus
1766 1211 1891 1252 Beda
1931 1210 1976 1251 in

179 1291 517 1334 Commentariis
546 1306 678 1346 super
707 1292 998 1346 Evangelium
1032 1291 1184 1334 Sancti
1214 1292 1376 1343 Lucae;
1422 1298 1467 1334 et
1499 1292 1676 1346 quando
1711 1290 1823 1332 fallit
1853 1290 1978 1331 illum

179 1385 260 1426 pro
290 1385 379 1426 quo
410 1378 516 1423 orat,
550 1372 652 1426 quia
687 1371 772 1423 ille,
803 1386 882 1426 pro
915 1386 1004 1426 quo
1040 1379 1148 1423 orat,
1184 1386 1273 1414 non
1309 1372 1445 1414 habet
1480 1379 1548 1415 tot
1579 1373 1698 1413 bona
1728 1384 1862 1425 opera
1897 1384 1978 1412 nec

177 1458 247 1494 tot
265 1452 382 1494 bona
402 1452 692 1507 multiplicata
711 1466 859 1494 coram
882 1453 980 1494 Deo
1010 1466 1089 1507 per
1109 1453 1228 1506 ipsos
1248 1459 1434 1504 orantes,
1455 1453 1568 1494 sicut
1588 1452 1796 1494 fundator
1814 1465 1978 1502 eorum,

176 1532 248 1574 vel
283 1532 511 1575 conserens
545 1533 607 1574 eis
648 1533 765 1574 bona
804 1532 1078 1587 temporalia,
1114 1533 1317 1586 speravit,
1354 1540 1399 1574 et
1439 1533 1540 1574 ideo
1581 1532 1806 1574 fraudatus
1847 1539 1914 1574 est
1949 1546 1977 1572 a

178 1613 395 1655 desiderio
434 1628 528 1655 suo.
601 1613 723 1656 Olim
763 1615 881 1655 enim
923 1627 1049 1668 reges
1088 1614 1337 1656 habuerunt
1377 1614 1421 1655 in
1463 1614 1738 1655 monasteriis
1778 1626 1857 1667 per
1902 1626 1979 1654 eos

177 1692 369 1735 fundatis
407 1694 605 1748 egregios
644 1694 877 1748 scriptores
917 1693 1127 1734 librorum
1170 1707 1431 1748 magnorum
1472 1694 1716 1744 doctorum,
1751 1701 1796 1735 et
1836 1693 1977 1734 croni-

178 1786 339 1823 oesum,
379 1780 629 1827 temporum
670 1774 927 1828 exemplum
971 1774 1189 1816 habentes
1223 1775 1280 1815 de
1320 1774 1495 1828 regibus
1530 1774 1860 1828 antiquioribus,
1896 1773 1974 1814 sed

178 1851 290 1896 heu!
332 1854 436 1907 quia
470 1854 565 1908 jam
599 1853 698 1895 libri
733 1854 847 1895 inter
879 1853 1104 1907 religiosos
1139 1861 1333 1908 pereunt,
1370 1860 1414 1896 et
1449 1853 1670 1905 deficiunt,
1703 1860 1749 1896 et
1784 1867 1976 1895 corrum-

179 1938 355 1986 puntur,
375 1934 527 1987 pocius
557 1947 690 1988 quam
720 1935 778 1976 de
808 1948 922 1976 novo
951 1935 1210 1976 scribuntur.
1273 1935 1482 1977 Utinam!
1515 1948 1631 1989 ergo,
1656 1935 1826 1976 utinam
1852 1948 1976 1987 reges

179 2018 228 2053 et
257 2012 423 2054 domini
458 2013 724 2066 fundatores,
754 2015 864 2056 moti
901 2029 980 2068 per
1016 2014 1157 2055 bonos
1191 2014 1470 2066 confessores,
1503 2015 1866 2056 monasteriorum
1899 2014 1976 2054 ab·

180 2091 355 2133 batibus
403 2093 679 2148 injungerent
718 2101 764 2136 et
807 2094 1120 2145 conventubus,
1160 2101 1209 2135 ut
1254 2102 1396 2136 certos
1439 2095 1671 2148 scriptores
1715 2093 1977 2135 exhiberent

181 2172 388 2213 continue
435 2180 685 2215 sanctorum
734 2175 964 2216 doctorum
1011 2180 1056 2215 et
1105 2187 1366 2228 magnorum
1410 2175 1454 2215 in
1493 2174 1692 2225 sciencia,
1726 2173 1809 2214 sub
1848 2173 1976 2214 certis

180 2251 326 2305 poenis
356 2264 384 2292 a
413 2252 593 2295 domino
625 2267 727 2308 rege
759 2260 804 2296 et
835 2268 863 2295 a
895 2254 1198 2296 fundatoribus
1231 2254 1458 2308 impositis,
1486 2261 1531 2296 et
1565 2254 1684 2308 quod
1720 2253 1974 2294 fundatores

184 2331 544 2373 monasteriorum
575 2334 790 2375 auxilium
825 2348 955 2375 suum
989 2340 1035 2376 et
1065 2341 1221 2388 optata
1252 2335 1454 2388 praesidia
1487 2336 1545 2377 ab
1577 2334 1660 2375 illis
1695 2333 1911 2400 τεῖΐῇζιςζε
1944 2341 1975 2383 t,

182 2424 411 2465 quousque
430 2424 509 2464 per
526 2412 717 2465 sigillum
746 2427 981 2455 commune
1008 2414 1240 2467 cujuslibet
1271 2415 1522 2456 monasterii
1552 2414 1769 2455 fundatori
1791 2347 2025 2532 εἱὺζοῆεὲς
2052 2380 2073 2414 b

182 2504 304 2540 onus,
325 2489 563 2532 exhibendi
582 2499 723 2534 certos
743 2493 856 2535 tales
877 2494 1118 2548 scriptores,
1140 2493 1184 2534 in
1204 2501 1463 2548 perpetuum
1484 2491 1750 2547 obligarent!
1858 2492 1975 2534 icant

183 2571 287 2624 quia
313 2583 414 2612 cum
437 2570 600 2612 Sancto
620 2571 844 2625 Jeronimo
871 2574 1089 2616 monacho
1116 2580 1270 2615 sancto
1298 2575 1343 2615 in
1372 2574 1554 2628 prologo
1574 2573 1750 2626 Josuae:
1782 2575 1793 2592 ‘
1810 2572 1975 2614 Decre—

182 2651 337 2701 vimus,
368 2650 475 2692 dum
507 2651 684 2704 spiritus
714 2667 793 2694 nos
824 2655 993 2708 regerit,
1028 2655 1199 2696 actibus
1238 2655 1548 2709 scripturarum
1581 2661 1625 2694 et
1661 2653 1973 2706 prophetarum

182 2730 490 2785 explanacioni
524 2730 801 2774 incumbere.’
860 2734 974 2776 Haec
1006 2735 1066 2776 ibi
1102 2734 1293 2777 coelestis
1324 2737 1479 2777 doctor
1511 2734 1700 2775 Sanctus
1726 2732 1975 2785 Jeronimus

182 2817 346 2853 sanctae
367 2810 520 2866 virgini
550 2811 791 2854 Eustochio
815 2813 918 2856 filiae
946 2814 1123 2858 Sanctae
1147 2816 1293 2858 Paulae
1314 2817 1458 2857 viduae
1486 2822 1590 2856 tunc
1615 2827 1753 2868 nuper
1778 2820 1975 2855 mortuae.

1064 2893 1092 2924 L
