<?xml version="1.0" encoding="UTF-8"?>
<!DOCTYPE html PUBLIC "-//W3C//DTD XHTML 1.0 Transitional//EN"
    "http://www.w3.org/TR/xhtml1/DTD/xhtml1-transitional.dtd">
<html xmlns="http://www.w3.org/1999/xhtml" xml:lang="en" lang="en">
 <head>
  <title>
</title>
<meta http-equiv="Content-Type" content="text/html;charset=utf-8" />
  <meta name='ocr-system' content='tesseract 3.04.00' />
  <meta name='ocr-capabilities' content='ocr_page ocr_carea ocr_par ocr_line ocrx_word'/>
</head>
<body>
  <div class='ocr_page' id='page_1' title='image "./locielibroverita00gascuoft_0216.png"; bbox 0 0 2456 3210; ppageno 0'>
   <div class='ocr_carea' id='block_1_1' title="bbox 493 203 1796 251">
    <p class='ocr_par' dir='ltr' id='par_1_1' title="bbox 493 203 1796 251">
     <span class='ocr_line' id='line_1_1' title="bbox 493 203 1796 251; baseline 0.002 -12"><span class='ocrx_word' id='word_1_1' title='bbox 493 210 574 251; x_wconf 84' lang='lat'><strong>114</strong></span> <span class='ocrx_word' id='word_1_2' title='bbox 994 203 1127 240; x_wconf 87' lang='lat' dir='ltr'><em>LOCI</em></span> <span class='ocrx_word' id='word_1_3' title='bbox 1160 204 1200 239; x_wconf 91' lang='lat' dir='ltr'><em>E</em></span> <span class='ocrx_word' id='word_1_4' title='bbox 1238 204 1403 240; x_wconf 85' lang='lat' dir='ltr'><em>LIBRO</em></span> <span class='ocrx_word' id='word_1_5' title='bbox 1451 204 1796 242; x_wconf 83' lang='lat' dir='ltr'><em>VERITATUM.</em></span> 
     </span>
    </p>
   </div>
   <div class='ocr_carea' id='block_1_2' title="bbox 489 346 2305 2819">
    <p class='ocr_par' dir='ltr' id='par_1_2' title="bbox 489 346 2305 2819">
     <span class='ocr_line' id='line_1_2' title="bbox 491 346 2298 403; baseline -0.001 -13"><span class='ocrx_word' id='word_1_6' title='bbox 491 348 839 403; x_wconf 86' lang='lat' dir='ltr'><strong>hospitalitatem</strong></span> <span class='ocrx_word' id='word_1_7' title='bbox 890 348 952 390; x_wconf 88' lang='lat' dir='ltr'><strong>eis</strong></span> <span class='ocrx_word' id='word_1_8' title='bbox 1002 348 1211 399; x_wconf 89' lang='lat' dir='ltr'><strong>tribuunt,</strong></span> <span class='ocrx_word' id='word_1_9' title='bbox 1261 361 1343 389; x_wconf 90' lang='lat' dir='ltr'><strong>nec</strong></span> <span class='ocrx_word' id='word_1_10' title='bbox 1391 346 1607 388; x_wconf 83' lang='lat' dir='ltr'><strong>auxilium</strong></span> <span class='ocrx_word' id='word_1_11' title='bbox 1658 347 1703 388; x_wconf 92' lang='lat' dir='ltr'><strong>in</strong></span> <span class='ocrx_word' id='word_1_12' title='bbox 1751 348 1936 402; x_wconf 84' lang='lat' dir='ltr'>agendis</span> <span class='ocrx_word' id='word_1_13' title='bbox 1987 348 2298 390; x_wconf 85' lang='lat' dir='ltr'><strong>necessarium.</strong></span> 
     </span>
     <span class='ocr_line' id='line_1_3' title="bbox 491 428 2298 482; baseline 0 -12"><span class='ocrx_word' id='word_1_14' title='bbox 491 429 713 470; x_wconf 85' lang='lat' dir='ltr'>Dominus</span> <span class='ocrx_word' id='word_1_15' title='bbox 750 429 866 470; x_wconf 88' lang='lat' dir='ltr'><strong>enim</strong></span> <span class='ocrx_word' id='word_1_16' title='bbox 903 429 1026 470; x_wconf 84' lang='lat' dir='ltr'><strong>Deus</strong></span> <span class='ocrx_word' id='word_1_17' title='bbox 1062 429 1187 470; x_wconf 85' lang='lat' dir='ltr'><strong>dedit</strong></span> <span class='ocrx_word' id='word_1_18' title='bbox 1222 434 1397 470; x_wconf 90' lang='lat' dir='ltr'><strong>tantum</strong></span> <span class='ocrx_word' id='word_1_19' title='bbox 1431 429 1597 470; x_wconf 91' lang='lat' dir='ltr'><strong>victum</strong></span> <span class='ocrx_word' id='word_1_20' title='bbox 1633 428 1788 470; x_wconf 91' lang='lat' dir='ltr'><strong>decem</strong></span> <span class='ocrx_word' id='word_1_21' title='bbox 1819 429 2120 470; x_wconf 89' lang='lat' dir='ltr'><strong>sacerdotibus</strong></span> <span class='ocrx_word' id='word_1_22' title='bbox 2160 442 2298 482; x_wconf 85' lang='lat' dir='ltr'><strong>quan-</strong></span> 
     </span>
     <span class='ocr_line' id='line_1_4' title="bbox 492 508 2299 563; baseline -0.001 -12"><span class='ocrx_word' id='word_1_23' title='bbox 492 515 589 551; x_wconf 87' lang='lat' dir='ltr'><strong>tum</strong></span> <span class='ocrx_word' id='word_1_24' title='bbox 617 509 741 551; x_wconf 87' lang='lat' dir='ltr'><strong>dedit</strong></span> <span class='ocrx_word' id='word_1_25' title='bbox 767 508 861 551; x_wconf 55' lang='lat' dir='ltr'><strong>xxti</strong></span> <span class='ocrx_word' id='word_1_26' title='bbox 883 509 1061 561; x_wconf 91' lang='lat' dir='ltr'><strong>Levitis,</strong></span> <span class='ocrx_word' id='word_1_27' title='bbox 1083 515 1128 551; x_wconf 89' lang='lat' dir='ltr'><strong>et</strong></span> <span class='ocrx_word' id='word_1_28' title='bbox 1155 514 1329 550; x_wconf 91' lang='lat' dir='ltr'><strong>tantum</strong></span> <span class='ocrx_word' id='word_1_29' title='bbox 1350 508 1515 550; x_wconf 89' lang='lat' dir='ltr'><strong>victum</strong></span> <span class='ocrx_word' id='word_1_30' title='bbox 1537 509 1611 550; x_wconf 91' lang='lat' dir='ltr'><strong>uni</strong></span> <span class='ocrx_word' id='word_1_31' title='bbox 1642 508 1860 550; x_wconf 88' lang='lat' dir='ltr'><strong>sacerdoti</strong></span> <span class='ocrx_word' id='word_1_32' title='bbox 1885 515 2100 563; x_wconf 90' lang='lat' dir='ltr'><strong>quantum</strong></span> <span class='ocrx_word' id='word_1_33' title='bbox 2124 509 2299 551; x_wconf 89' lang='lat' dir='ltr'><strong>duobus</strong></span> 
     </span>
     <span class='ocr_line' id='line_1_5' title="bbox 493 586 2298 643; baseline 0 -13"><span class='ocrx_word' id='word_1_34' title='bbox 493 586 678 639; x_wconf 86' lang='lat' dir='ltr'><strong>Levitis,</strong></span> <span class='ocrx_word' id='word_1_35' title='bbox 719 596 764 631; x_wconf 90' lang='lat' dir='ltr'><strong>et</strong></span> <span class='ocrx_word' id='word_1_36' title='bbox 809 603 940 631; x_wconf 88' lang='lat' dir='ltr'><strong>causa</strong></span> <span class='ocrx_word' id='word_1_37' title='bbox 984 589 1068 630; x_wconf 91' lang='lat' dir='ltr'><strong>fuit</strong></span> <span class='ocrx_word' id='word_1_38' title='bbox 1107 594 1287 643; x_wconf 90' lang='lat' dir='ltr'><strong>propter</strong></span> <span class='ocrx_word' id='word_1_39' title='bbox 1326 589 1635 631; x_wconf 86' lang='lat' dir='ltr'><strong>necessitatem</strong></span> <span class='ocrx_word' id='word_1_40' title='bbox 1675 589 1741 629; x_wconf 92' lang='lat' dir='ltr'><strong>sui</strong></span> <span class='ocrx_word' id='word_1_41' title='bbox 1782 589 1923 641; x_wconf 87' lang='lat' dir='ltr'><strong>officii,</strong></span> <span class='ocrx_word' id='word_1_42' title='bbox 1959 590 2064 643; x_wconf 91' lang='lat' dir='ltr'><strong>quia</strong></span> <span class='ocrx_word' id='word_1_43' title='bbox 2102 589 2298 643; x_wconf 84' lang='lat' dir='ltr'><strong>pluribus</strong></span> 
     </span>
     <span class='ocr_line' id='line_1_6' title="bbox 492 669 2300 724; baseline -0.001 -13"><span class='ocrx_word' id='word_1_44' title='bbox 492 669 731 724; x_wconf 83' lang='lat' dir='ltr'><strong>indigebat,</strong></span> <span class='ocrx_word' id='word_1_45' title='bbox 770 676 815 711; x_wconf 85' lang='lat' dir='ltr'><strong>et</strong></span> <span class='ocrx_word' id='word_1_46' title='bbox 853 670 992 711; x_wconf 91' lang='lat' dir='ltr'><strong>eciam</strong></span> <span class='ocrx_word' id='word_1_47' title='bbox 1028 669 1132 724; x_wconf 90' lang='lat' dir='ltr'><strong>quia</strong></span> <span class='ocrx_word' id='word_1_48' title='bbox 1171 669 1374 711; x_wconf 89' lang='lat' dir='ltr'><strong>sacerdos</strong></span> <span class='ocrx_word' id='word_1_49' title='bbox 1410 669 1565 710; x_wconf 90' lang='lat' dir='ltr'><strong>melius</strong></span> <span class='ocrx_word' id='word_1_50' title='bbox 1602 669 1731 712; x_wconf 89' lang='lat' dir='ltr'><strong>sciret</strong></span> <span class='ocrx_word' id='word_1_51' title='bbox 1767 671 1991 724; x_wconf 92' lang='lat' dir='ltr'><strong>quomodo</strong></span> <span class='ocrx_word' id='word_1_52' title='bbox 2032 669 2300 724; x_wconf 77' lang='lat' dir='ltr'><strong>etqualiter</strong></span> 
     </span>
     <span class='ocr_line' id='line_1_7' title="bbox 494 739 2301 804; baseline 0 -13"><span class='ocrx_word' id='word_1_53' title='bbox 494 750 570 791; x_wconf 92' lang='lat' dir='ltr'><strong>illa</strong></span> <span class='ocrx_word' id='word_1_54' title='bbox 598 750 715 791; x_wconf 89' lang='lat' dir='ltr'><strong>bona</strong></span> <span class='ocrx_word' id='word_1_55' title='bbox 744 750 1018 804; x_wconf 88' lang='lat' dir='ltr'><strong>dispensaret</strong></span> <span class='ocrx_word' id='word_1_56' title='bbox 1049 755 1095 791; x_wconf 89' lang='lat' dir='ltr'><strong>et</strong></span> <span class='ocrx_word' id='word_1_57' title='bbox 1126 750 1409 804; x_wconf 84' lang='lat' dir='ltr'><strong>expenderet,</strong></span> <span class='ocrx_word' id='word_1_58' title='bbox 1429 750 1487 791; x_wconf 91' lang='lat' dir='ltr'><strong>ad</strong></span> <span class='ocrx_word' id='word_1_59' title='bbox 1516 750 1602 791; x_wconf 90' lang='lat' dir='ltr'><strong>Dei</strong></span> <span class='ocrx_word' id='word_1_60' title='bbox 1633 739 1810 792; x_wconf 87' lang='lat' dir='ltr'><strong>laudern</strong></span> <span class='ocrx_word' id='word_1_61' title='bbox 1841 750 2231 804; x_wconf 84' lang='lat' dir='ltr'><strong>augmentandam,</strong></span> <span class='ocrx_word' id='word_1_62' title='bbox 2254 754 2301 791; x_wconf 88' lang='lat' dir='ltr'><strong>et</strong></span> 
     </span>
     <span class='ocr_line' id='line_1_8' title="bbox 493 829 2300 884; baseline -0.001 -13"><span class='ocrx_word' id='word_1_63' title='bbox 493 831 551 871; x_wconf 88' lang='lat' dir='ltr'><strong>ad</strong></span> <span class='ocrx_word' id='word_1_64' title='bbox 593 830 838 872; x_wconf 88' lang='lat' dir='ltr'><strong>animarum</strong></span> <span class='ocrx_word' id='word_1_65' title='bbox 871 829 1059 872; x_wconf 89' lang='lat' dir='ltr'><strong>salutem</strong></span> <span class='ocrx_word' id='word_1_66' title='bbox 1091 830 1415 884; x_wconf 87' lang='lat' dir='ltr'><strong>acquirendam,</strong></span> <span class='ocrx_word' id='word_1_67' title='bbox 1450 836 1500 872; x_wconf 92' lang='lat' dir='ltr'><strong>ut</strong></span> <span class='ocrx_word' id='word_1_68' title='bbox 1534 836 1722 872; x_wconf 89' lang='lat' dir='ltr'><strong>testatur</strong></span> <span class='ocrx_word' id='word_1_69' title='bbox 1755 830 1945 873; x_wconf 87' lang='lat' dir='ltr'><strong>Sanctus</strong></span> <span class='ocrx_word' id='word_1_70' title='bbox 1977 830 2225 884; x_wconf 89' lang='lat' dir='ltr'><strong>Jeronimus</strong></span> <span class='ocrx_word' id='word_1_71' title='bbox 2254 829 2300 870; x_wconf 89' lang='lat' dir='ltr'><strong>in</strong></span> 
     </span>
     <span class='ocr_line' id='line_1_9' title="bbox 495 910 2302 965; baseline 0 -14"><span class='ocrx_word' id='word_1_72' title='bbox 495 910 834 953; x_wconf 85' lang='lat' dir='ltr'><strong>Commentariis</strong></span> <span class='ocrx_word' id='word_1_73' title='bbox 865 911 955 952; x_wconf 91' lang='lat' dir='ltr'><strong>suis</strong></span> <span class='ocrx_word' id='word_1_74' title='bbox 986 925 1117 965; x_wconf 91' lang='lat' dir='ltr'><strong>super</strong></span> <span class='ocrx_word' id='word_1_75' title='bbox 1153 910 1434 952; x_wconf 88' lang='lat' dir='ltr'><strong>Ezechielem</strong></span> <span class='ocrx_word' id='word_1_76' title='bbox 1462 910 1737 964; x_wconf 89' lang='lat' dir='ltr'><strong>prophetam,</strong></span> <span class='ocrx_word' id='word_1_77' title='bbox 1768 911 1819 952; x_wconf 90' lang='lat' dir='ltr'><strong>li⁰</strong></span> <span class='ocrx_word' id='word_1_78' title='bbox 1839 911 1965 965; x_wconf 85' lang='lat' dir='ltr'><strong>xiiij0,</strong></span> <span class='ocrx_word' id='word_1_79' title='bbox 1987 911 2058 953; x_wconf 90' lang='lat' dir='ltr'><strong>De</strong></span> <span class='ocrx_word' id='word_1_80' title='bbox 2088 911 2302 953; x_wconf 86' lang='lat' dir='ltr'><strong>divisione</strong></span> 
     </span>
     <span class='ocr_line' id='line_1_10' title="bbox 492 991 2301 1045; baseline 0.001 -14"><span class='ocrx_word' id='word_1_81' title='bbox 492 996 621 1032; x_wconf 86' lang='lat' dir='ltr'><strong>terrae</strong></span> <span class='ocrx_word' id='word_1_82' title='bbox 652 991 985 1045; x_wconf 89' lang='lat' dir='ltr'><strong>promissionis;</strong></span> <span class='ocrx_word' id='word_1_83' title='bbox 1028 992 1104 1033; x_wconf 89' lang='lat' dir='ltr'><strong>sed</strong></span> <span class='ocrx_word' id='word_1_84' title='bbox 1141 992 1216 1045; x_wconf 88' lang='lat' dir='ltr'><strong>qui</strong></span> <span class='ocrx_word' id='word_1_85' title='bbox 1247 1005 1358 1032; x_wconf 94' lang='lat' dir='ltr'><strong>onus</strong></span> <span class='ocrx_word' id='word_1_86' title='bbox 1394 996 1440 1033; x_wconf 89' lang='lat' dir='ltr'><strong>et</strong></span> <span class='ocrx_word' id='word_1_87' title='bbox 1467 1005 1617 1033; x_wconf 86' lang='lat' dir='ltr'><strong>curam</strong></span> <span class='ocrx_word' id='word_1_88' title='bbox 1648 992 1892 1033; x_wconf 86' lang='lat' dir='ltr'><strong>animarum</strong></span> <span class='ocrx_word' id='word_1_89' title='bbox 1921 991 2101 1043; x_wconf 91' lang='lat' dir='ltr'><strong>habent,</strong></span> <span class='ocrx_word' id='word_1_90' title='bbox 2136 997 2181 1032; x_wconf 92' lang='lat' dir='ltr'><strong>et</strong></span> <span class='ocrx_word' id='word_1_91' title='bbox 2212 1004 2301 1032; x_wconf 90' lang='lat' dir='ltr'><strong>non</strong></span> 
     </span>
     <span class='ocr_line' id='line_1_11' title="bbox 492 1069 2302 1126; baseline 0.001 -15"><span class='ocrx_word' id='word_1_92' title='bbox 492 1071 660 1113; x_wconf 87' lang='lat' dir='ltr'><strong>faciunt</strong></span> <span class='ocrx_word' id='word_1_93' title='bbox 695 1073 815 1126; x_wconf 91' lang='lat' dir='ltr'><strong>quod</strong></span> <span class='ocrx_word' id='word_1_94' title='bbox 846 1077 1053 1114; x_wconf 88' lang='lat' dir='ltr'><strong>tenentur</strong></span> <span class='ocrx_word' id='word_1_95' title='bbox 1087 1071 1241 1123; x_wconf 86' lang='lat' dir='ltr'><strong>facere,</strong></span> <span class='ocrx_word' id='word_1_96' title='bbox 1274 1071 1467 1114; x_wconf 90' lang='lat' dir='ltr'><strong>latrones</strong></span> <span class='ocrx_word' id='word_1_97' title='bbox 1503 1078 1618 1114; x_wconf 83' lang='lat' dir='ltr'><strong>sunt.</strong></span> <span class='ocrx_word' id='word_1_98' title='bbox 1681 1069 1900 1124; x_wconf 89' lang='lat' dir='ltr'><strong>‘Omnes,’</strong></span> <span class='ocrx_word' id='word_1_99' title='bbox 1931 1072 2073 1126; x_wconf 87' lang='lat' dir='ltr'><strong>inquit</strong></span> <span class='ocrx_word' id='word_1_100' title='bbox 2108 1071 2227 1114; x_wconf 92' lang='lat' dir='ltr'><strong>Xtus</strong></span> <span class='ocrx_word' id='word_1_101' title='bbox 2256 1071 2302 1112; x_wconf 91' lang='lat' dir='ltr'><strong>in</strong></span> 
     </span>
     <span class='ocr_line' id='line_1_12' title="bbox 495 1151 2300 1206; baseline 0.001 -14"><span class='ocrx_word' id='word_1_102' title='bbox 495 1151 749 1206; x_wconf 89' lang='lat' dir='ltr'><strong>Evangelio,</strong></span> <span class='ocrx_word' id='word_1_103' title='bbox 783 1153 881 1206; x_wconf 89' lang='lat' dir='ltr'><strong>‘qui</strong></span> <span class='ocrx_word' id='word_1_104' title='bbox 916 1159 1021 1194; x_wconf 89' lang='lat' dir='ltr'><strong>ante</strong></span> <span class='ocrx_word' id='word_1_105' title='bbox 1052 1166 1123 1194; x_wconf 88' lang='lat' dir='ltr'><strong>me</strong></span> <span class='ocrx_word' id='word_1_106' title='bbox 1150 1159 1366 1194; x_wconf 87' lang='lat' dir='ltr'><strong>venerunt</strong></span> <span class='ocrx_word' id='word_1_107' title='bbox 1396 1152 1512 1194; x_wconf 88' lang='lat' dir='ltr'><strong>fures</strong></span> <span class='ocrx_word' id='word_1_108' title='bbox 1543 1159 1646 1195; x_wconf 90' lang='lat' dir='ltr'><strong>sunt</strong></span> <span class='ocrx_word' id='word_1_109' title='bbox 1685 1159 1729 1195; x_wconf 87' lang='lat' dir='ltr'><strong>et</strong></span> <span class='ocrx_word' id='word_1_110' title='bbox 1759 1153 1951 1195; x_wconf 87' lang='lat' dir='ltr'><strong>latrones</strong></span> <span class='ocrx_word' id='word_1_111' title='bbox 1966 1152 1989 1204; x_wconf 93' lang='lat'><strong>;&#39;</strong></span> <span class='ocrx_word' id='word_1_112' title='bbox 2035 1166 2123 1194; x_wconf 89' lang='lat' dir='ltr'><strong>non</strong></span> <span class='ocrx_word' id='word_1_113' title='bbox 2148 1151 2300 1205; x_wconf 84' lang='lat' dir='ltr'><strong>inquit,</strong></span> 
     </span>
     <span class='ocr_line' id='line_1_13' title="bbox 495 1231 2302 1287; baseline 0.001 -15"><span class='ocrx_word' id='word_1_114' title='bbox 495 1232 571 1285; x_wconf 90' lang='lat' dir='ltr'><strong>qui</strong></span> <span class='ocrx_word' id='word_1_115' title='bbox 598 1231 719 1273; x_wconf 89' lang='lat' dir='ltr'><strong>missi</strong></span> <span class='ocrx_word' id='word_1_116' title='bbox 747 1238 850 1274; x_wconf 92' lang='lat' dir='ltr'><strong>sunt</strong></span> <span class='ocrx_word' id='word_1_117' title='bbox 878 1239 983 1274; x_wconf 89' lang='lat' dir='ltr'><strong>ante</strong></span> <span class='ocrx_word' id='word_1_118' title='bbox 1012 1246 1095 1283; x_wconf 90' lang='lat' dir='ltr'><strong>me,</strong></span> <span class='ocrx_word' id='word_1_119' title='bbox 1116 1233 1194 1274; x_wconf 89' lang='lat' dir='ltr'><strong>sed</strong></span> <span class='ocrx_word' id='word_1_120' title='bbox 1222 1233 1297 1287; x_wconf 92' lang='lat' dir='ltr'><strong>qui</strong></span> <span class='ocrx_word' id='word_1_121' title='bbox 1326 1247 1405 1274; x_wconf 89' lang='lat' dir='ltr'><strong>sua</strong></span> <span class='ocrx_word' id='word_1_122' title='bbox 1432 1239 1592 1287; x_wconf 90' lang='lat' dir='ltr'><strong>sponte</strong></span> <span class='ocrx_word' id='word_1_123' title='bbox 1617 1240 1841 1283; x_wconf 90' lang='lat' dir='ltr'><strong>venerunt,</strong></span> <span class='ocrx_word' id='word_1_124' title='bbox 1865 1247 1952 1275; x_wconf 91' lang='lat' dir='ltr'><strong>non</strong></span> <span class='ocrx_word' id='word_1_125' title='bbox 1984 1233 2104 1274; x_wconf 92' lang='lat' dir='ltr'><strong>missi</strong></span> <span class='ocrx_word' id='word_1_126' title='bbox 2134 1247 2162 1275; x_wconf 89' lang='lat' dir='ltr'><strong>a</strong></span> <span class='ocrx_word' id='word_1_127' title='bbox 2186 1233 2302 1281; x_wconf 90' lang='lat' dir='ltr'><strong>Deo,</strong></span> 
     </span>
     <span class='ocr_line' id='line_1_14' title="bbox 494 1311 2301 1368; baseline 0.001 -15"><span class='ocrx_word' id='word_1_128' title='bbox 494 1311 670 1354; x_wconf 87' lang='lat' dir='ltr'><strong>fuerunt</strong></span> <span class='ocrx_word' id='word_1_129' title='bbox 706 1312 821 1354; x_wconf 90' lang='lat' dir='ltr'><strong>fures</strong></span> <span class='ocrx_word' id='word_1_130' title='bbox 857 1320 902 1355; x_wconf 89' lang='lat' dir='ltr'><strong>et</strong></span> <span class='ocrx_word' id='word_1_131' title='bbox 932 1313 1158 1365; x_wconf 89' lang='lat' dir='ltr'><strong>latrones;</strong></span> <span class='ocrx_word' id='word_1_132' title='bbox 1205 1327 1294 1355; x_wconf 92' lang='lat' dir='ltr'><strong>non</strong></span> <span class='ocrx_word' id='word_1_133' title='bbox 1330 1314 1434 1368; x_wconf 90' lang='lat' dir='ltr'><strong>quia</strong></span> <span class='ocrx_word' id='word_1_134' title='bbox 1474 1328 1578 1356; x_wconf 89' lang='lat' dir='ltr'><strong>oves</strong></span> <span class='ocrx_word' id='word_1_135' title='bbox 1615 1321 1661 1357; x_wconf 93' lang='lat' dir='ltr'><strong>et</strong></span> <span class='ocrx_word' id='word_1_136' title='bbox 1696 1314 1831 1356; x_wconf 90' lang='lat' dir='ltr'><strong>boves</strong></span> <span class='ocrx_word' id='word_1_137' title='bbox 1860 1314 1902 1356; x_wconf 91' lang='lat' dir='ltr'><strong>vi</strong></span> <span class='ocrx_word' id='word_1_138' title='bbox 1944 1318 2191 1368; x_wconf 85' lang='lat' dir='ltr'><strong>rapuerunt,</strong></span> <span class='ocrx_word' id='word_1_139' title='bbox 2223 1313 2301 1354; x_wconf 89' lang='lat' dir='ltr'><strong>sed</strong></span> 
     </span>
     <span class='ocr_line' id='line_1_15' title="bbox 495 1392 2302 1449; baseline 0.001 -16"><span class='ocrx_word' id='word_1_140' title='bbox 495 1393 615 1446; x_wconf 89' lang='lat' dir='ltr'><strong>quod</strong></span> <span class='ocrx_word' id='word_1_141' title='bbox 639 1398 690 1434; x_wconf 90' lang='lat' dir='ltr'><strong>ut</strong></span> <span class='ocrx_word' id='word_1_142' title='bbox 715 1392 830 1435; x_wconf 88' lang='lat' dir='ltr'><strong>fures</strong></span> <span class='ocrx_word' id='word_1_143' title='bbox 850 1399 1074 1444; x_wconf 90' lang='lat' dir='ltr'><strong>venerunt,</strong></span> <span class='ocrx_word' id='word_1_144' title='bbox 1097 1407 1155 1436; x_wconf 91' lang='lat' dir='ltr'><strong>sc.</strong></span> <span class='ocrx_word' id='word_1_145' title='bbox 1177 1394 1235 1435; x_wconf 93' lang='lat' dir='ltr'><strong>ad</strong></span> <span class='ocrx_word' id='word_1_146' title='bbox 1266 1395 1553 1436; x_wconf 89' lang='lat' dir='ltr'><strong>mactandum</strong></span> <span class='ocrx_word' id='word_1_147' title='bbox 1579 1401 1624 1437; x_wconf 89' lang='lat' dir='ltr'><strong>et</strong></span> <span class='ocrx_word' id='word_1_148' title='bbox 1648 1395 1935 1449; x_wconf 89' lang='lat' dir='ltr'><strong>perdendum,</strong></span> <span class='ocrx_word' id='word_1_149' title='bbox 1957 1401 2002 1436; x_wconf 88' lang='lat' dir='ltr'><strong>et</strong></span> <span class='ocrx_word' id='word_1_150' title='bbox 2031 1394 2115 1435; x_wconf 91' lang='lat' dir='ltr'><strong>hoc</strong></span> <span class='ocrx_word' id='word_1_151' title='bbox 2134 1394 2302 1435; x_wconf 85' lang='lat' dir='ltr'><strong>bonum</strong></span> 
     </span>
     <span class='ocr_line' id='line_1_16' title="bbox 489 1473 2304 1530; baseline 0.001 -16"><span class='ocrx_word' id='word_1_152' title='bbox 489 1473 698 1515; x_wconf 85' lang='lat' dir='ltr'><strong>debitum</strong></span> <span class='ocrx_word' id='word_1_153' title='bbox 734 1488 822 1516; x_wconf 93' lang='lat' dir='ltr'><strong>non</strong></span> <span class='ocrx_word' id='word_1_154' title='bbox 857 1474 1132 1526; x_wconf 89' lang='lat' dir='ltr'><strong>conferendo,</strong></span> <span class='ocrx_word' id='word_1_155' title='bbox 1163 1475 1234 1517; x_wconf 88' lang='lat' dir='ltr'><strong>vel</strong></span> <span class='ocrx_word' id='word_1_156' title='bbox 1275 1475 1551 1526; x_wconf 89' lang='lat' dir='ltr'><strong>retrahendo,</strong></span> <span class='ocrx_word' id='word_1_157' title='bbox 1587 1490 1646 1517; x_wconf 79' lang='lat' dir='ltr'><strong>ex</strong></span> <span class='ocrx_word' id='word_1_158' title='bbox 1681 1490 1769 1530; x_wconf 93' lang='lat' dir='ltr'><strong>quo</strong></span> <span class='ocrx_word' id='word_1_159' title='bbox 1811 1475 1983 1517; x_wconf 89' lang='lat' dir='ltr'><strong>defectu</strong></span> <span class='ocrx_word' id='word_1_160' title='bbox 2013 1475 2087 1516; x_wconf 89' lang='lat' dir='ltr'><strong>alii</strong></span> <span class='ocrx_word' id='word_1_161' title='bbox 2128 1474 2304 1528; x_wconf 84' lang='lat' dir='ltr'><strong>spiritu-</strong></span> 
     </span>
     <span class='ocr_line' id='line_1_17' title="bbox 498 1555 2304 1611; baseline 0.001 -16"><span class='ocrx_word' id='word_1_162' title='bbox 498 1555 626 1596; x_wconf 87' lang='lat' dir='ltr'><strong>aliter</strong></span> <span class='ocrx_word' id='word_1_163' title='bbox 656 1555 898 1597; x_wconf 89' lang='lat' dir='ltr'><strong>moriuntur</strong></span> <span class='ocrx_word' id='word_1_164' title='bbox 932 1562 977 1597; x_wconf 90' lang='lat' dir='ltr'><strong>et</strong></span> <span class='ocrx_word' id='word_1_165' title='bbox 1009 1556 1066 1597; x_wconf 92' lang='lat' dir='ltr'><strong>ab</strong></span> <span class='ocrx_word' id='word_1_166' title='bbox 1099 1557 1276 1598; x_wconf 91' lang='lat' dir='ltr'><strong>inimico</strong></span> <span class='ocrx_word' id='word_1_167' title='bbox 1311 1557 1465 1611; x_wconf 86' lang='lat' dir='ltr'><strong>spiritu</strong></span> <span class='ocrx_word' id='word_1_168' title='bbox 1499 1558 1774 1609; x_wconf 89' lang='lat' dir='ltr'><strong>devorantur,</strong></span> <span class='ocrx_word' id='word_1_169' title='bbox 1808 1557 1883 1611; x_wconf 92' lang='lat' dir='ltr'><strong>qui</strong></span> <span class='ocrx_word' id='word_1_170' title='bbox 1919 1556 2035 1598; x_wconf 90' lang='lat' dir='ltr'><strong>enim</strong></span> <span class='ocrx_word' id='word_1_171' title='bbox 2071 1555 2304 1597; x_wconf 88' lang='lat' dir='ltr'><strong>defraudat</strong></span> 
     </span>
     <span class='ocr_line' id='line_1_18' title="bbox 498 1636 2304 1692; baseline 0 -15"><span class='ocrx_word' id='word_1_172' title='bbox 498 1650 737 1690; x_wconf 89' lang='lat' dir='ltr'><strong>pauperem</strong></span> <span class='ocrx_word' id='word_1_173' title='bbox 772 1651 933 1691; x_wconf 85' lang='lat' dir='ltr'><strong>panem</strong></span> <span class='ocrx_word' id='word_1_174' title='bbox 967 1638 1033 1678; x_wconf 88' lang='lat' dir='ltr'><strong>vir</strong></span> <span class='ocrx_word' id='word_1_175' title='bbox 1068 1638 1292 1692; x_wconf 86' lang='lat' dir='ltr'><strong>sanguinis</strong></span> <span class='ocrx_word' id='word_1_176' title='bbox 1329 1645 1408 1688; x_wconf 88' lang='lat' dir='ltr'><strong>est,</strong></span> <span class='ocrx_word' id='word_1_177' title='bbox 1446 1640 1471 1681; x_wconf 90' lang='lat' dir='ltr'><strong>i.</strong></span> <span class='ocrx_word' id='word_1_178' title='bbox 1490 1653 1523 1680; x_wconf 92' lang='lat' dir='ltr'><strong>e.</strong></span> <span class='ocrx_word' id='word_1_179' title='bbox 1560 1639 1787 1681; x_wconf 91' lang='lat' dir='ltr'><strong>homicidii</strong></span> <span class='ocrx_word' id='word_1_180' title='bbox 1818 1652 1927 1690; x_wconf 90' lang='lat' dir='ltr'><strong>reus,</strong></span> <span class='ocrx_word' id='word_1_181' title='bbox 1964 1637 2037 1689; x_wconf 89' lang='lat' dir='ltr'><strong>sic,</strong></span> <span class='ocrx_word' id='word_1_182' title='bbox 2067 1651 2095 1678; x_wconf 87' lang='lat' dir='ltr'><strong>a</strong></span> <span class='ocrx_word' id='word_1_183' title='bbox 2124 1636 2304 1687; x_wconf 90' lang='lat' dir='ltr'><strong>fortiori,</strong></span> 
     </span>
     <span class='ocr_line' id='line_1_19' title="bbox 498 1717 2302 1773; baseline 0 -15"><span class='ocrx_word' id='word_1_184' title='bbox 498 1718 613 1759; x_wconf 88' lang='lat' dir='ltr'><strong>latro</strong></span> <span class='ocrx_word' id='word_1_185' title='bbox 654 1723 721 1759; x_wconf 89' lang='lat' dir='ltr'><strong>est</strong></span> <span class='ocrx_word' id='word_1_186' title='bbox 767 1718 842 1771; x_wconf 88' lang='lat' dir='ltr'><strong>qui</strong></span> <span class='ocrx_word' id='word_1_187' title='bbox 883 1718 1019 1760; x_wconf 87' lang='lat' dir='ltr'><strong>inficit</strong></span> <span class='ocrx_word' id='word_1_188' title='bbox 1067 1719 1185 1760; x_wconf 91' lang='lat' dir='ltr'><strong>malo</strong></span> <span class='ocrx_word' id='word_1_189' title='bbox 1224 1720 1360 1761; x_wconf 83' lang='lat' dir='ltr'><strong>verbo</strong></span> <span class='ocrx_word' id='word_1_190' title='bbox 1405 1734 1482 1761; x_wconf 93' lang='lat' dir='ltr'><strong>seu</strong></span> <span class='ocrx_word' id='word_1_191' title='bbox 1530 1720 1648 1762; x_wconf 90' lang='lat' dir='ltr'><strong>malo</strong></span> <span class='ocrx_word' id='word_1_192' title='bbox 1696 1719 1906 1773; x_wconf 87' lang='lat' dir='ltr'><strong>exemplo</strong></span> <span class='ocrx_word' id='word_1_193' title='bbox 1947 1718 2185 1767; x_wconf 91' lang='lat' dir='ltr'><strong>hominem,</strong></span> <span class='ocrx_word' id='word_1_194' title='bbox 2227 1717 2302 1771; x_wconf 87' lang='lat' dir='ltr'><strong>qui</strong></span> 
     </span>
     <span class='ocr_line' id='line_1_20' title="bbox 499 1798 2302 1854; baseline 0 -15"><span class='ocrx_word' id='word_1_195' title='bbox 499 1799 655 1840; x_wconf 87' lang='lat' dir='ltr'><strong>nititur</strong></span> <span class='ocrx_word' id='word_1_196' title='bbox 693 1804 738 1839; x_wconf 85' lang='lat' dir='ltr'><strong>et</strong></span> <span class='ocrx_word' id='word_1_197' title='bbox 779 1804 962 1839; x_wconf 84' lang='lat' dir='ltr'><strong>conatur</strong></span> <span class='ocrx_word' id='word_1_198' title='bbox 1002 1799 1221 1842; x_wconf 88' lang='lat' dir='ltr'><strong>retrahere</strong></span> <span class='ocrx_word' id='word_1_199' title='bbox 1261 1801 1319 1842; x_wconf 92' lang='lat' dir='ltr'><strong>ab</strong></span> <span class='ocrx_word' id='word_1_200' title='bbox 1361 1815 1413 1842; x_wconf 91' lang='lat' dir='ltr'><strong>eo</strong></span> <span class='ocrx_word' id='word_1_201' title='bbox 1454 1801 1620 1842; x_wconf 93' lang='lat' dir='ltr'><strong>bonum</strong></span> <span class='ocrx_word' id='word_1_202' title='bbox 1668 1800 1810 1854; x_wconf 86' lang='lat' dir='ltr'><strong>majus</strong></span> <span class='ocrx_word' id='word_1_203' title='bbox 1855 1813 1988 1854; x_wconf 89' lang='lat' dir='ltr'><strong>quam</strong></span> <span class='ocrx_word' id='word_1_204' title='bbox 2029 1804 2096 1840; x_wconf 91' lang='lat' dir='ltr'><strong>est</strong></span> <span class='ocrx_word' id='word_1_205' title='bbox 2135 1798 2302 1840; x_wconf 89' lang='lat' dir='ltr'><strong>bonum</strong></span> 
     </span>
     <span class='ocr_line' id='line_1_21' title="bbox 492 1877 2304 1934; baseline -0.001 -14"><span class='ocrx_word' id='word_1_206' title='bbox 492 1878 755 1920; x_wconf 83' lang='lat' dir='ltr'><strong>diviciarum</strong></span> <span class='ocrx_word' id='word_1_207' title='bbox 805 1880 968 1930; x_wconf 91' lang='lat' dir='ltr'><strong>mundi,</strong></span> <span class='ocrx_word' id='word_1_208' title='bbox 1017 1894 1116 1933; x_wconf 83' lang='lat' dir='ltr'><strong>quae</strong></span> <span class='ocrx_word' id='word_1_209' title='bbox 1165 1882 1282 1923; x_wconf 90' lang='lat' dir='ltr'><strong>bona</strong></span> <span class='ocrx_word' id='word_1_210' title='bbox 1332 1882 1628 1924; x_wconf 88' lang='lat' dir='ltr'><strong>indifferencia</strong></span> <span class='ocrx_word' id='word_1_211' title='bbox 1681 1882 1738 1923; x_wconf 93' lang='lat' dir='ltr'><strong>ab</strong></span> <span class='ocrx_word' id='word_1_212' title='bbox 1788 1880 1980 1934; x_wconf 87' lang='lat' dir='ltr'><strong>antiquis</strong></span> <span class='ocrx_word' id='word_1_213' title='bbox 2030 1877 2304 1934; x_wconf 88' lang='lat' dir='ltr'><strong>philosophis</strong></span> 
     </span>
     <span class='ocr_line' id='line_1_22' title="bbox 500 1959 2305 2017; baseline 0 -17"><span class='ocrx_word' id='word_1_214' title='bbox 500 1959 795 2001; x_wconf 87' lang='lat' dir='ltr'><strong>nominantur.</strong></span> <span class='ocrx_word' id='word_1_215' title='bbox 857 1959 983 2010; x_wconf 89' lang='lat' dir='ltr'><strong>Item,</strong></span> <span class='ocrx_word' id='word_1_216' title='bbox 1016 1961 1090 2014; x_wconf 89' lang='lat' dir='ltr'><strong>qui</strong></span> <span class='ocrx_word' id='word_1_217' title='bbox 1125 1962 1308 2004; x_wconf 88' lang='lat' dir='ltr'><strong>retrahit</strong></span> <span class='ocrx_word' id='word_1_218' title='bbox 1339 1977 1366 2004; x_wconf 92' lang='lat' dir='ltr'><strong>a</strong></span> <span class='ocrx_word' id='word_1_219' title='bbox 1398 1963 1498 2005; x_wconf 90' lang='lat' dir='ltr'><strong>Deo</strong></span> <span class='ocrx_word' id='word_1_220' title='bbox 1533 1963 1703 2005; x_wconf 87' lang='lat' dir='ltr'><strong>animas</strong></span> <span class='ocrx_word' id='word_1_221' title='bbox 1733 1976 1814 2017; x_wconf 90' lang='lat' dir='ltr'><strong>per</strong></span> <span class='ocrx_word' id='word_1_222' title='bbox 1842 1961 2063 2003; x_wconf 90' lang='lat' dir='ltr'><strong>defectum</strong></span> <span class='ocrx_word' id='word_1_223' title='bbox 2093 1960 2198 2002; x_wconf 91' lang='lat' dir='ltr'><strong>boni</strong></span> <span class='ocrx_word' id='word_1_224' title='bbox 2226 1959 2305 2000; x_wconf 83' lang='lat' dir='ltr'><strong>de-</strong></span> 
     </span>
     <span class='ocr_line' id='line_1_23' title="bbox 499 2039 2304 2097; baseline 0 -16"><span class='ocrx_word' id='word_1_225' title='bbox 499 2039 582 2081; x_wconf 92' lang='lat' dir='ltr'><strong>biti</strong></span> <span class='ocrx_word' id='word_1_226' title='bbox 619 2039 681 2081; x_wconf 89' lang='lat' dir='ltr'><strong>eis</strong></span> <span class='ocrx_word' id='word_1_227' title='bbox 719 2039 864 2090; x_wconf 88' lang='lat' dir='ltr'><strong>fiendi,</strong></span> <span class='ocrx_word' id='word_1_228' title='bbox 897 2040 1087 2083; x_wconf 90' lang='lat' dir='ltr'><strong>latrones</strong></span> <span class='ocrx_word' id='word_1_229' title='bbox 1123 2049 1226 2085; x_wconf 84' lang='lat' dir='ltr'><strong>sunt</strong></span> <span class='ocrx_word' id='word_1_230' title='bbox 1262 2057 1410 2085; x_wconf 87' lang='lat' dir='ltr'><strong>coram</strong></span> <span class='ocrx_word' id='word_1_231' title='bbox 1442 2044 1556 2085; x_wconf 90' lang='lat' dir='ltr'><strong>Deo.</strong></span> <span class='ocrx_word' id='word_1_232' title='bbox 1629 2043 1670 2086; x_wconf 93' lang='lat' dir='ltr'>O</span> <span class='ocrx_word' id='word_1_233' title='bbox 1707 2049 1816 2097; x_wconf 93' lang='lat' dir='ltr'><strong>quot</strong></span> <span class='ocrx_word' id='word_1_234' title='bbox 1844 2042 2099 2084; x_wconf 87' lang='lat' dir='ltr'><strong>fundatores</strong></span> <span class='ocrx_word' id='word_1_235' title='bbox 2129 2039 2304 2083; x_wconf 89' lang='lat' dir='ltr'><strong>ecclesi-</strong></span> 
     </span>
     <span class='ocr_line' id='line_1_24' title="bbox 501 2121 2302 2179; baseline -0.001 -16"><span class='ocrx_word' id='word_1_236' title='bbox 501 2134 640 2171; x_wconf 90' lang='lat' dir='ltr'><strong>arum,</strong></span> <span class='ocrx_word' id='word_1_237' title='bbox 673 2121 1048 2171; x_wconf 86' lang='lat' dir='ltr'><strong>monasteriorum,</strong></span> <span class='ocrx_word' id='word_1_238' title='bbox 1084 2129 1127 2164; x_wconf 91' lang='lat' dir='ltr'><strong>et</strong></span> <span class='ocrx_word' id='word_1_239' title='bbox 1158 2124 1441 2179; x_wconf 91' lang='lat' dir='ltr'><strong>collegiorum</strong></span> <span class='ocrx_word' id='word_1_240' title='bbox 1471 2125 1566 2179; x_wconf 90' lang='lat' dir='ltr'><strong>jam</strong></span> <span class='ocrx_word' id='word_1_241' title='bbox 1597 2138 1745 2167; x_wconf 89' lang='lat' dir='ltr'><strong>coram</strong></span> <span class='ocrx_word' id='word_1_242' title='bbox 1779 2124 1880 2165; x_wconf 90' lang='lat' dir='ltr'><strong>Deo</strong></span> <span class='ocrx_word' id='word_1_243' title='bbox 1911 2123 2064 2164; x_wconf 85' lang='lat' dir='ltr'><strong>dicunt</strong></span> <span class='ocrx_word' id='word_1_244' title='bbox 2094 2121 2302 2172; x_wconf 86' lang='lat' dir='ltr'><strong>fundatis,</strong></span> 
     </span>
     <span class='ocr_line' id='line_1_25' title="bbox 503 2201 2303 2256; baseline -0.001 -13"><span class='ocrx_word' id='word_1_245' title='bbox 503 2202 667 2243; x_wconf 90' lang='lat' dir='ltr'><strong>‘Fures</strong></span> <span class='ocrx_word' id='word_1_246' title='bbox 700 2201 814 2252; x_wconf 91' lang='lat' dir='ltr'><strong>estis,</strong></span> <span class='ocrx_word' id='word_1_247' title='bbox 845 2201 948 2254; x_wconf 91' lang='lat' dir='ltr'><strong>quia</strong></span> <span class='ocrx_word' id='word_1_248' title='bbox 982 2215 1114 2255; x_wconf 89' lang='lat' dir='ltr'><strong>opera</strong></span> <span class='ocrx_word' id='word_1_249' title='bbox 1153 2204 1270 2246; x_wconf 88' lang='lat' dir='ltr'><strong>bona</strong></span> <span class='ocrx_word' id='word_1_250' title='bbox 1310 2213 1355 2248; x_wconf 89' lang='lat' dir='ltr'><strong>et</strong></span> <span class='ocrx_word' id='word_1_251' title='bbox 1386 2206 1538 2247; x_wconf 88' lang='lat' dir='ltr'><strong>debita</strong></span> <span class='ocrx_word' id='word_1_252' title='bbox 1578 2218 1664 2247; x_wconf 87' lang='lat' dir='ltr'><strong>non</strong></span> <span class='ocrx_word' id='word_1_253' title='bbox 1694 2204 1869 2256; x_wconf 88' lang='lat' dir='ltr'><strong>fecistis,</strong></span> <span class='ocrx_word' id='word_1_254' title='bbox 1900 2217 1978 2245; x_wconf 90' lang='lat' dir='ltr'><strong>nec</strong></span> <span class='ocrx_word' id='word_1_255' title='bbox 2008 2202 2303 2244; x_wconf 84' lang='lat' dir='ltr'><strong>intencionem</strong></span> 
     </span>
     <span class='ocr_line' id='line_1_26' title="bbox 501 2281 2303 2335; baseline 0.001 -13"><span class='ocrx_word' id='word_1_256' title='bbox 501 2281 775 2323; x_wconf 86' lang='lat' dir='ltr'><strong>fundacionis</strong></span> <span class='ocrx_word' id='word_1_257' title='bbox 809 2287 971 2322; x_wconf 84' lang='lat' dir='ltr'><strong>nostrae</strong></span> <span class='ocrx_word' id='word_1_258' title='bbox 1010 2281 1181 2335; x_wconf 86' lang='lat' dir='ltr'><strong>fecistis,</strong></span> <span class='ocrx_word' id='word_1_259' title='bbox 1213 2291 1257 2326; x_wconf 91' lang='lat' dir='ltr'><strong>et</strong></span> <span class='ocrx_word' id='word_1_260' title='bbox 1298 2286 1358 2328; x_wconf 89' lang='lat' dir='ltr'><strong>sic</strong></span> <span class='ocrx_word' id='word_1_261' title='bbox 1393 2286 1594 2327; x_wconf 90' lang='lat' dir='ltr'><strong>fraudem</strong></span> <span class='ocrx_word' id='word_1_262' title='bbox 1625 2284 1863 2327; x_wconf 88' lang='lat' dir='ltr'><strong>intencioni</strong></span> <span class='ocrx_word' id='word_1_263' title='bbox 1895 2289 2056 2325; x_wconf 84' lang='lat' dir='ltr'><strong>nostrae</strong></span> <span class='ocrx_word' id='word_1_264' title='bbox 2092 2289 2136 2324; x_wconf 90' lang='lat' dir='ltr'><strong>et</strong></span> <span class='ocrx_word' id='word_1_265' title='bbox 2176 2282 2303 2323; x_wconf 88' lang='lat' dir='ltr'><strong>nobis</strong></span> 
     </span>
     <span class='ocr_line' id='line_1_27' title="bbox 501 2359 2302 2416; baseline 0 -13"><span class='ocrx_word' id='word_1_266' title='bbox 501 2362 677 2413; x_wconf 87' lang='lat' dir='ltr'><strong>fecistis,</strong></span> <span class='ocrx_word' id='word_1_267' title='bbox 703 2361 807 2416; x_wconf 88' lang='lat' dir='ltr'><strong>quia</strong></span> <span class='ocrx_word' id='word_1_268' title='bbox 835 2360 931 2402; x_wconf 86' lang='lat' dir='ltr'><strong>haec</strong></span> <span class='ocrx_word' id='word_1_269' title='bbox 960 2375 1091 2414; x_wconf 90' lang='lat' dir='ltr'><strong>opera</strong></span> <span class='ocrx_word' id='word_1_270' title='bbox 1118 2365 1268 2406; x_wconf 88' lang='lat' dir='ltr'><strong>debita</strong></span> <span class='ocrx_word' id='word_1_271' title='bbox 1300 2380 1388 2407; x_wconf 91' lang='lat' dir='ltr'><strong>non</strong></span> <span class='ocrx_word' id='word_1_272' title='bbox 1419 2366 1592 2415; x_wconf 87' lang='lat' dir='ltr'><strong>fecistis,</strong></span> <span class='ocrx_word' id='word_1_273' title='bbox 1616 2366 1726 2416; x_wconf 91' lang='lat' dir='ltr'><strong>ideo,</strong></span> <span class='ocrx_word' id='word_1_274' title='bbox 1748 2365 1850 2406; x_wconf 89' lang='lat' dir='ltr'><strong>“Ite</strong></span> <span class='ocrx_word' id='word_1_275' title='bbox 1875 2378 1902 2406; x_wconf 94' lang='lat' dir='ltr'><strong>a</strong></span> <span class='ocrx_word' id='word_1_276' title='bbox 1930 2377 2011 2412; x_wconf 91' lang='lat' dir='ltr'><strong>me,</strong></span> <span class='ocrx_word' id='word_1_277' title='bbox 2039 2359 2302 2411; x_wconf 85' lang='lat' dir='ltr'><strong>maledicti,’&#39;</strong></span> 
     </span>
     <span class='ocr_line' id='line_1_28' title="bbox 503 2441 2303 2497; baseline 0.001 -14"><span class='ocrx_word' id='word_1_278' title='bbox 503 2443 610 2484; x_wconf 92' lang='lat' dir='ltr'><strong>dicit</strong></span> <span class='ocrx_word' id='word_1_279' title='bbox 636 2442 866 2493; x_wconf 91' lang='lat' dir='ltr'><strong>Dominus,</strong></span> <span class='ocrx_word' id='word_1_280' title='bbox 893 2441 1003 2483; x_wconf 92' lang='lat' dir='ltr'><strong>Mat.</strong></span> <span class='ocrx_word' id='word_1_281' title='bbox 1027 2454 1050 2483; x_wconf 87' lang='lat'>2</span> <span class='ocrx_word' id='word_1_282' title='bbox 1054 2448 1112 2497; x_wconf 85' lang='lat'><strong>5⁰.</strong></span> <span class='ocrx_word' id='word_1_283' title='bbox 1172 2445 1255 2486; x_wconf 85' lang='lat' dir='ltr'><strong>Per</strong></span> <span class='ocrx_word' id='word_1_284' title='bbox 1279 2460 1366 2487; x_wconf 91' lang='lat' dir='ltr'><strong>non</strong></span> <span class='ocrx_word' id='word_1_285' title='bbox 1395 2447 1635 2489; x_wconf 87' lang='lat' dir='ltr'><strong>residentes</strong></span> <span class='ocrx_word' id='word_1_286' title='bbox 1657 2447 1701 2487; x_wconf 91' lang='lat' dir='ltr'><strong>in</strong></span> <span class='ocrx_word' id='word_1_287' title='bbox 1730 2446 1843 2487; x_wconf 88' lang='lat' dir='ltr'><strong>curis</strong></span> <span class='ocrx_word' id='word_1_288' title='bbox 1863 2445 1952 2486; x_wconf 88' lang='lat' dir='ltr'><strong>suis</strong></span> <span class='ocrx_word' id='word_1_289' title='bbox 1982 2449 2027 2486; x_wconf 90' lang='lat' dir='ltr'><strong>et</strong></span> <span class='ocrx_word' id='word_1_290' title='bbox 2047 2457 2125 2497; x_wconf 93' lang='lat' dir='ltr'><strong>per</strong></span> <span class='ocrx_word' id='word_1_291' title='bbox 2144 2456 2303 2497; x_wconf 89' lang='lat' dir='ltr'><strong>appro-</strong></span> 
     </span>
     <span class='ocr_line' id='line_1_29' title="bbox 502 2522 2303 2580; baseline 0 -16"><span class='ocrx_word' id='word_1_292' title='bbox 502 2524 770 2577; x_wconf 89' lang='lat' dir='ltr'><strong>priacionem</strong></span> <span class='ocrx_word' id='word_1_293' title='bbox 804 2522 1082 2564; x_wconf 89' lang='lat' dir='ltr'><strong>ecclesiarum</strong></span> <span class='ocrx_word' id='word_1_294' title='bbox 1114 2525 1306 2567; x_wconf 83' lang='lat' dir='ltr'><strong>ecclesiae</strong></span> <span class='ocrx_word' id='word_1_295' title='bbox 1338 2534 1534 2580; x_wconf 91' lang='lat' dir='ltr'><strong>pereunt,</strong></span> <span class='ocrx_word' id='word_1_296' title='bbox 1563 2533 1608 2569; x_wconf 91' lang='lat' dir='ltr'><strong>et</strong></span> <span class='ocrx_word' id='word_1_297' title='bbox 1639 2540 1765 2578; x_wconf 84' lang='lat' dir='ltr'><strong>curae,</strong></span> <span class='ocrx_word' id='word_1_298' title='bbox 1795 2533 1840 2568; x_wconf 91' lang='lat' dir='ltr'><strong>et</strong></span> <span class='ocrx_word' id='word_1_299' title='bbox 1868 2525 1991 2566; x_wconf 89' lang='lat' dir='ltr'><strong>valor</strong></span> <span class='ocrx_word' id='word_1_300' title='bbox 2020 2523 2226 2575; x_wconf 83' lang='lat' dir='ltr'><strong>ecclesiae,</strong></span> <span class='ocrx_word' id='word_1_301' title='bbox 2252 2528 2303 2565; x_wconf 79' lang='lat' dir='ltr'><strong>u&#39;t</strong></span> 
     </span>
     <span class='ocr_line' id='line_1_30' title="bbox 500 2603 2302 2661; baseline 0 -17"><span class='ocrx_word' id='word_1_302' title='bbox 500 2603 591 2656; x_wconf 87' lang='lat' dir='ltr'><strong>jam</strong></span> <span class='ocrx_word' id='word_1_303' title='bbox 613 2610 738 2657; x_wconf 88' lang='lat' dir='ltr'><strong>patet</strong></span> <span class='ocrx_word' id='word_1_304' title='bbox 759 2604 803 2645; x_wconf 90' lang='lat' dir='ltr'><strong>in</strong></span> <span class='ocrx_word' id='word_1_305' title='bbox 824 2603 908 2645; x_wconf 89' lang='lat' dir='ltr'><strong>hoc</strong></span> <span class='ocrx_word' id='word_1_306' title='bbox 929 2609 1127 2657; x_wconf 89' lang='lat' dir='ltr'><strong>tempore</strong></span> <span class='ocrx_word' id='word_1_307' title='bbox 1145 2607 1323 2659; x_wconf 86' lang='lat' dir='ltr'><strong>quando</strong></span> <span class='ocrx_word' id='word_1_308' title='bbox 1345 2608 1527 2649; x_wconf 79' lang='lat' dir='ltr'><strong>diversae</strong></span> <span class='ocrx_word' id='word_1_309' title='bbox 1549 2608 1744 2650; x_wconf 84' lang='lat' dir='ltr'><strong>ecclesiae</strong></span> <span class='ocrx_word' id='word_1_310' title='bbox 1760 2613 1864 2649; x_wconf 92' lang='lat' dir='ltr'><strong>ante</strong></span> <span class='ocrx_word' id='word_1_311' title='bbox 1883 2604 2302 2661; x_wconf 89' lang='lat' dir='ltr'><strong>appropriacionem,</strong></span> 
     </span>
     <span class='ocr_line' id='line_1_31' title="bbox 506 2685 2303 2738; baseline 0.001 -15"><span class='ocrx_word' id='word_1_312' title='bbox 506 2696 604 2724; x_wconf 91' lang='lat' dir='ltr'><strong>cum</strong></span> <span class='ocrx_word' id='word_1_313' title='bbox 626 2685 891 2726; x_wconf 90' lang='lat' dir='ltr'><strong>residentem</strong></span> <span class='ocrx_word' id='word_1_314' title='bbox 912 2690 1125 2726; x_wconf 83' lang='lat' dir='ltr'><strong>rectorem</strong></span> <span class='ocrx_word' id='word_1_315' title='bbox 1147 2685 1405 2738; x_wconf 88' lang='lat' dir='ltr'><strong>habuerunt,</strong></span> <span class='ocrx_word' id='word_1_316' title='bbox 1425 2688 1634 2730; x_wconf 87' lang='lat' dir='ltr'><strong>valebant</strong></span> <span class='ocrx_word' id='word_1_317' title='bbox 1656 2694 1833 2730; x_wconf 90' lang='lat' dir='ltr'><strong>centum</strong></span> <span class='ocrx_word' id='word_1_318' title='bbox 1854 2687 1998 2738; x_wconf 88' lang='lat' dir='ltr'><strong>libras,</strong></span> <span class='ocrx_word' id='word_1_319' title='bbox 2018 2691 2074 2737; x_wconf 89' lang='lat' dir='ltr'><strong>et,</strong></span> <span class='ocrx_word' id='word_1_320' title='bbox 2096 2698 2204 2726; x_wconf 89' lang='lat' dir='ltr'><strong>mox</strong></span> <span class='ocrx_word' id='word_1_321' title='bbox 2223 2696 2303 2737; x_wconf 89' lang='lat' dir='ltr'><strong>per</strong></span> 
     </span>
     <span class='ocr_line' id='line_1_32' title="bbox 506 2763 2304 2819; baseline 0.001 -16"><span class='ocrx_word' id='word_1_322' title='bbox 506 2765 911 2818; x_wconf 88' lang='lat' dir='ltr'><strong>appropriacionem</strong></span> <span class='ocrx_word' id='word_1_323' title='bbox 943 2770 987 2807; x_wconf 90' lang='lat' dir='ltr'><strong>et</strong></span> <span class='ocrx_word' id='word_1_324' title='bbox 1020 2771 1121 2819; x_wconf 91' lang='lat' dir='ltr'><strong>post</strong></span> <span class='ocrx_word' id='word_1_325' title='bbox 1158 2779 1244 2807; x_wconf 92' lang='lat' dir='ltr'><strong>non</strong></span> <span class='ocrx_word' id='word_1_326' title='bbox 1281 2767 1579 2817; x_wconf 86' lang='lat' dir='ltr'><strong>residenciam,</strong></span> <span class='ocrx_word' id='word_1_327' title='bbox 1610 2769 1686 2810; x_wconf 87' lang='lat' dir='ltr'><strong>vix</strong></span> <span class='ocrx_word' id='word_1_328' title='bbox 1722 2768 1905 2810; x_wconf 89' lang='lat' dir='ltr'><strong>dimidia</strong></span> <span class='ocrx_word' id='word_1_329' title='bbox 1941 2779 2112 2809; x_wconf 90' lang='lat' dir='ltr'><strong>summa</strong></span> <span class='ocrx_word' id='word_1_330' title='bbox 2146 2763 2304 2819; x_wconf 85' lang='lat' dir='ltr'><strong>pri0ris</strong></span> 
     </span>
    </p>
   </div>
  </div>
 </body>
</html>
