2456 3210
475 272 556 313 126
977 277 1109 313 LOCJ
1144 277 1182 311 E
1221 277 1386 311 LIBRO
1434 277 1775 313 VERJTATUM.

469 419 683 461 bonorum
719 433 898 461 suorum
932 419 1159 461 mobilium
1196 420 1396 460 dederint
1429 419 1640 460 militibus
1668 420 1725 461 de
1758 419 1900 461 insula
1935 420 1992 461 de
2024 419 2182 473 Rodys
2213 420 2270 461 ad

468 500 716 543 faciendum
742 501 801 541 ibi
830 514 966 541 unum
987 513 1160 541 murum
1182 499 1454 541 defensivum
1475 506 1628 542 contra
1650 501 1830 553 Tureos,
1851 501 1964 542 sicut
1986 500 2271 555 Francigenae

469 582 528 623 ibi
562 582 769 633 fecerunt,
791 588 836 623 et
862 582 999 623 eciam
1021 582 1234 623 concessit
1262 581 1562 622 remissionem
1590 587 1635 622 et
1666 581 1966 635 indulgencias
1993 583 2096 625 anni
2119 583 2271 637 jubilei

468 662 688 714 vocaliter,
714 665 759 703 et
788 676 862 703 ore
895 676 976 703 suo
1006 661 1189 715 protulit
1223 661 1419 703 contritis
1451 667 1496 703 et
1527 662 1737 704 confessis
1770 663 1815 703 in
1846 663 1920 704 illo
1951 677 2068 705 anno
2099 664 2173 718 qui
2204 670 2273 706 tot

470 743 677 797 pecunias
705 744 860 785 darent
882 742 1093 785 militibus
1114 742 1266 784 insulae
1290 743 1407 784 Rodi
1436 749 1544 796 quot
1564 744 1772 796 pecunias
1798 746 2101 798 expenderent
2128 746 2273 787 eundo

471 830 516 865 et
566 824 789 865 redeundo
839 824 898 866 ad
941 824 1132 865 Romam
1175 831 1219 865 et
1262 839 1289 865 a
1336 824 1495 875 Roma,
1540 831 1584 865 et
1629 823 1795 877 judicio
1845 824 2035 878 plurium
2082 826 2272 868 virorum

472 919 644 959 magnae
679 894 913 946 abusiones
953 905 1252 958 sequebantur
1288 919 1346 946 ex
1387 905 1481 946 istis
1521 905 1821 959 indulgenciis,
1856 919 1959 947 nam
1999 905 2133 960 aliqui
2173 907 2274 948 dix-

470 993 607 1036 erunt,
630 985 737 1026 ‘Pro
766 999 855 1026 uno
884 998 1038 1040 grosso
1064 985 1209 1027 habeo
1236 985 1538 1040 indulgencias
1568 985 1688 1034 tales,
1712 992 1755 1027 et
1783 986 1877 1039 jam
1906 1001 1993 1029 non
2021 1001 2124 1029 curo
2153 989 2273 1042 quod

470 1080 566 1121 ago,
588 1066 689 1120 quia
712 1066 859 1108 Roma
884 1073 951 1108 est
984 1067 1041 1108 ad
1068 1066 1262 1108 hostium
1290 1080 1448 1117 meum,
1481 1072 1526 1108 et
1553 1080 1631 1120 per
1657 1066 1863 1109 facillima
1891 1069 2038 1111 media
2065 1076 2112 1111 et
2140 1083 2274 1125 opera

469 1147 644 1189 habebo
675 1146 976 1201 indulgencias
1007 1147 1240 1201 cujuslibet
1269 1147 1411 1201 culpae
1443 1154 1487 1189 et
1514 1147 1686 1202 poenae.'

586 1234 663 1276 [lb]
725 1228 828 1270 Scio
858 1227 1060 1269 homines
1095 1242 1170 1269 seu
1203 1242 1413 1282 personas
1447 1228 1654 1273 habuisse
1683 1228 1852 1271 litteras
1887 1230 2100 1284 sigillatas
2132 1231 2275 1273 indul-

470 1290 636 1361 genciae
673 1308 862 1363 Eugenii
902 1322 1031 1363 papae
1071 1322 1150 1362 per
1187 1309 1365 1351 Petrum
1405 1310 1462 1351 de
1504 1309 1671 1359 Monte,
1706 1316 1886 1364 propter
1924 1310 2082 1352 salsam
2121 1312 2276 1366 volup-

471 1394 610 1431 tatem
645 1390 784 1431 carnis
821 1390 1043 1440 usitatam,
1079 1397 1124 1432 et
1157 1397 1338 1445 propter
1372 1390 1526 1431 ludum
1556 1391 1614 1431 ad
1655 1390 1802 1444 pilam,
1835 1391 1938 1444 quia
1979 1392 2014 1432 si
2051 1393 2275 1434 conferens

474 1470 848 1524 indulgenciarum
878 1470 1045 1512 litteras
1075 1471 1280 1525 perderet
1310 1471 1464 1512 ludum
1493 1470 1549 1512 ad
1578 1470 1727 1524 pilam,
1748 1476 1853 1512 tunc
1883 1471 1926 1512 in
1952 1472 2049 1514 loco
2076 1474 2276 1527 pecuniae

472 1564 606 1604 quam
647 1552 708 1592 sic
749 1551 944 1594 ludendo
985 1553 1188 1606 perdidit,
1222 1552 1347 1594 dedit
1391 1553 1511 1593 socio
1551 1565 1642 1602 suo,
1684 1564 1783 1593 cum
1824 1566 1913 1605 quo
1953 1552 2068 1604 lusit,
2108 1553 2276 1595 litteras

472 1630 684 1684 sigillatas
719 1631 1096 1686 indulgenciarum
1133 1646 1437 1674 concessarum
1473 1646 1500 1673 a
1535 1645 1651 1686 papa
1682 1631 1912 1686 Eugeni03
1950 1639 1995 1674 et
2025 1633 2125 1674 novi
2156 1635 2274 1687 quod

473 1711 734 1752 circueundo
774 1726 853 1765 per
900 1714 1087 1766 patriam
1129 1714 1384 1754 vendebant
1425 1712 1592 1754 litteras
1639 1711 1851 1766 sigillatas
1891 1713 1947 1754 de
1988 1713 2276 1767 indulgenciis

473 1792 516 1832 in
550 1790 735 1832 calathis
771 1805 883 1845 quos
919 1806 1068 1834 secum
1104 1793 1342 1845 portabant
1375 1794 1432 1835 ad
1460 1793 1754 1835 vendendum.
1816 1791 1970 1834 Simon
1998 1794 2114 1834 enim
2141 1794 2277 1835 male-

473 1871 616 1912 dictus
645 1871 725 1913 fuit
755 1886 782 1913 a
819 1873 917 1914 Deo
953 1878 998 1913 et
1034 1880 1231 1915 mortuus
1262 1874 1408 1916 subito
1443 1874 1594 1915 statim
1625 1878 1726 1927 post
1759 1873 1894 1913 verba
1924 1874 2113 1927 apostoli
2146 1874 2274 1926 Petri,

472 1951 576 2006 quia
616 1952 780 1992 donum
818 1953 902 1994 Dei
948 1954 1218 1995 existimavit
1254 1968 1334 2008 pro
1364 1955 1550 2008 pecunia
1580 1952 1802 2007 possideri,
1835 1959 1879 1994 et
1909 1953 2073 2005 haberi,
2105 1960 2150 1995 et
2180 1961 2275 1996 tum

475 2046 561 2072 non
596 2034 739 2086 potuit
770 2033 955 2086 pecunia
981 2048 1075 2074 esse
1101 2034 1283 2088 dignum
1312 2035 1508 2089 precium
1539 2033 1643 2076 doni
1667 2032 1763 2083 Dei,
1785 2033 1863 2073 sed
1892 2034 2150 2076 sacrificium
2175 2035 2275 2077 Deo

474 2113 650 2167 spiritus
681 2113 1011 2164 contribulatus,
1043 2114 1067 2154 i.
1083 2129 1121 2155 e,
1153 2114 1392 2166 dolorosus‚
1424 2128 1502 2169 pro
1533 2113 1708 2155 offensis
1739 2120 1892 2154 contra
1915 2114 2061 2155 Deum
2092 2114 2231 2157 sactis.

590 2199 634 2243 [p.
664 2199 756 2244 629.]
815 2198 1043 2235 Infernas,
1107 2195 1218 2237 Haec
1250 2196 1454 2237 dominus
1479 2193 1800 2236 Lincolniensis
1831 2207 1962 2235 manu
1994 2208 2071 2236 sua
2102 2196 2277 2249 propria

474 2287 605 2327 super
635 2280 824 2325 textum,
852 2275 971 2328 quod
999 2275 1208 2328 scriptum
1240 2290 1367 2317 suum
1397 2275 1486 2316 vidi
1516 2287 1633 2316 anno
1665 2274 1744 2315 Xti
1777 2281 1895 2326 1455,
1920 2281 1964 2315 et
1995 2276 2125 2317 credo
2155 2276 2274 2330 quod

475 2368 608 2408 opera
658 2354 824 2395 domini
881 2354 1201 2397 Lincolniensis
1251 2356 1443 2398 doctoris
1496 2355 1679 2396 Roberti
1732 2353 1972 2407 Grosetest‚
2023 2369 2123 2409 quae
2173 2356 2275 2407 vidi,

475 2435 636 2488 scripta
674 2448 806 2476 manu
847 2435 1022 2488 propria
1054 2449 1129 2476 seu
1166 2437 1341 2490 propria
1373 2436 1585 2489 scriptura
1624 2435 1758 2488 ipsius
1795 2436 1996 2486 doctoris,
2029 2437 2277 2477 extendunt

475 2528 522 2555 se
553 2515 597 2555 in
624 2514 789 2567 judicio
819 2528 920 2557 meo
956 2515 1013 2556 ad
1048 2517 1342 2568 quantitatem
1373 2515 1565 2558 doctoris
1597 2514 1668 2555 De
1704 2514 1825 2568 Lyra
1854 2529 1987 2570 super
2016 2516 2275 2570 scripturam

475 2608 657 2637 sacram.

592 2681 638 2724 [p.
663 2681 756 2723 640.]
816 2675 919 2717 Vidi
956 2689 1053 2730 eg0,
1082 2675 1278 2717 Thomas
1311 2676 1571 2729 Gascoigne‚
1602 2675 1732 2716 miser
1773 2676 1987 2728 sacerdos,
2018 2676 2103 2717 hoc
2142 2675 2276 2729 scrip-

477 2760 571 2794 tum
602 2769 729 2796 suum
761 2769 892 2810 super
918 2755 1189 2806 Psalterium,
1211 2756 1386 2810 propria
1417 2768 1547 2796 manu
1577 2769 1655 2796 sua
1685 2757 1905 2811 scriptum,
1926 2762 1970 2798 et
1998 2762 2063 2798 est
2086 2755 2275 2798 Oxoniae

479 2835 591 2876 inter
617 2835 783 2881 ,fratres
829 2837 1017 2878 minores
1058 2843 1101 2878 et
1143 2837 1397 2890 registratur
1437 2835 1494 2877 ibi
1538 2835 1609 2876 ille
1658 2836 1767 2878 liber
1803 2837 2018 2891 Epistolae
2051 2835 2171 2877 Pauli
2213 2834 2274 2876 A.
