2456 3210
522 191 599 233 108
1017 198 1149 233 LOCI
1183 198 1222 232 E
1261 198 1425 234 LIBRO
1474 198 1816 236 VERITATUM.

516 341 696 395 paucis;
737 354 816 395 per
850 340 956 382 talia
989 340 1104 382 enim
1138 341 1256 382 bona
1286 341 1398 382 bene
1431 341 1686 395 dispensata
1721 355 1799 396 per
1829 341 1996 383 bonum
2031 347 2077 383 et
2107 341 2318 383 scientem

516 428 731 464 rectorem
767 421 893 475 plura
927 421 1044 463 mala
1073 422 1366 473 destruuntur,
1392 429 1437 463 et
1466 421 1594 475 plura
1622 423 1740 464 bona
1769 422 1891 474 fiunt,
1922 422 1966 463 in
1995 421 2192 476 pluribus
2222 436 2320 476 per-

516 502 635 543 sonis
671 507 716 543 et
751 502 1044 544 communiter
1074 501 1117 543 in
1151 502 1402 556 quingentis
1434 503 1641 556 personis,
1674 516 1751 544 seu
1791 501 2078 557 parochianis,
2110 509 2155 544 et
2190 502 2317 549 ultra,

517 588 563 624 et
594 581 706 624 forte
738 596 825 623 non
853 587 956 623 sunt
987 583 1277 636 quadraginta
1309 596 1508 636 personae
1539 582 1583 623 in
1612 582 1710 624 loco
1741 582 1816 624 illo
1847 583 1915 625 cui
1947 582 2129 624 ecclesia
2161 596 2319 636 appro-

516 662 692 716 priatur,
727 669 771 704 et
802 676 919 715 saepe
949 661 1124 703 videtur
1154 663 1272 715 quod
1303 663 1413 704 tales
1444 663 1571 717 pauci
1602 669 1725 704 actus
1757 663 1868 705 fiunt
1898 676 1977 717 per
2005 663 2124 716 ipsos
2159 662 2319 716 quibus

516 742 710 785 ecclesiae
746 743 807 784 sic
847 743 1195 796 appropriantur,
1227 749 1271 784 et
1312 744 1356 784 in
1392 744 1543 797 paucis
1573 736 1769 797 personis
1809 744 1853 784 in
1889 743 2221 798 comparacione
2261 743 2318 784 ad

516 837 669 864 omnes
704 814 993 877 parochianos
1024 830 1068 865 et
1099 822 1207 864 alios
1238 823 1281 864 in
1311 824 1470 877 quibus
1499 830 1624 866 actus
1655 824 1823 866 fierent.
1883 824 2015 865 Tales
2046 837 2134 865 non
2161 823 2320 877 praedi-

516 910 617 946 cant
656 903 942 958 parochianis,
979 918 1059 946 nec
1103 911 1380 947 sacramenta
1420 905 1504 946 illis
1549 905 1810 956 ministrant,
1851 919 1931 947 nec
1970 904 2318 959 hospitalitatem

515 985 576 1026 eis
616 983 842 1034 exhibent,
880 998 960 1026 nec
1000 984 1126 1039 plura
1165 985 1251 1027 alia
1292 986 1535 1028 necessaria
1576 986 1637 1027 eis
1678 985 1920 1040 spiritualia
1959 991 2004 1026 et
2043 983 2317 1038 temporalia,

514 1064 631 1106 unde
662 1065 781 1106 bona
822 1070 866 1106 et
907 1078 1060 1106 omncs
1100 1065 1284 1107 decimae
1320 1066 1516 1108 ecclesiae
1551 1065 1789 1120 parochiali
1828 1079 2018 1107 annexae
2057 1065 2208 1119 pocius
2240 1065 2319 1106 da-

513 1151 663 1186 rentur
690 1145 845 1186 rectori
874 1144 1239 1199 parochianorum
1264 1160 1398 1200 quam
1419 1146 1804 1201 appropriarentur
1827 1145 1934 1197 aliis,
1956 1151 2001 1187 et
2024 1145 2110 1187 hoc
2138 1150 2320 1199 propter

513 1225 659 1279 plures
687 1239 850 1267 causas.
900 1226 1054 1268 Unum
1092 1233 1169 1277 est,
1198 1227 1302 1280 quia
1330 1241 1358 1268 a
1389 1228 1488 1269 Deo
1519 1227 1770 1269 institutum
1800 1226 1880 1268 fuit
1912 1232 1956 1267 et
1986 1239 2064 1280 per
2093 1224 2319 1280 apostolos

514 1305 852 1360 promulgatum,
873 1312 922 1347 ut
953 1307 1027 1360 qui
1057 1306 1184 1349 altari
1214 1306 1316 1349 huic
1347 1309 1490 1357 servit,
1513 1309 1570 1349 de
1600 1307 1762 1349 debitis
1794 1313 1839 1348 et
1869 1306 2030 1348 oblatis
2058 1305 2160 1348 huic
2190 1305 2317 1347 altari

512 1386 642 1437 vivat,
674 1387 791 1428 unde
831 1386 1058 1440 apostolus
1098 1388 1400 1430 sanctissimus
1437 1388 1598 1430 Paulus
1639 1388 1765 1439 dixit,
1801 1394 1846 1429 et
1885 1386 2107 1441 praecepit,
2137 1393 2187 1428 ut
2217 1385 2318 1440 ‘qui

514 1465 640 1507 altari
665 1467 798 1508 servit
822 1467 879 1508 de
902 1467 1030 1508 altari
1055 1466 1198 1519 vivat,'
1220 1468 1247 1509 i.
1260 1482 1297 1509 e.
1319 1469 1376 1511 de
1396 1467 1718 1523 pertinentibus
1740 1482 1799 1509 ex
1820 1467 1917 1521 jure
1937 1466 2086 1508 divino
2110 1465 2319 1507 ministris

513 1545 630 1586 illius
661 1545 835 1597 altaris;
869 1553 913 1589 et
941 1548 1309 1590 considerandum
1332 1555 1399 1591 est
1420 1550 1540 1603 quod
1561 1548 1789 1603 apostolus
1821 1561 1909 1590 non
1930 1546 2048 1598 dicit,
2070 1545 2159 1600 Qui
2187 1546 2319 1588 servit

514 1639 594 1680 pro
624 1625 750 1668 altari
782 1627 900 1668 vivat
931 1628 987 1669 de
1022 1628 1160 1680 altari,
1189 1629 1267 1671 sed
1298 1630 1426 1680 dixit,
1460 1630 1573 1684 ‘Qui
1604 1629 1737 1671 servit
1768 1627 1894 1671 altari
1924 1628 1982 1670 de
2012 1626 2139 1669 altari
2173 1624 2319 1676 vivat,'

514 1707 541 1748 i.
563 1720 600 1747 e.
634 1705 709 1760 qui
739 1705 875 1748 habet
905 1720 1053 1749 curam
1083 1708 1315 1751 hominum
1355 1709 1521 1752 habeat
1556 1710 1613 1751 de
1643 1710 1727 1751 illis
1772 1709 1847 1763 qui
1883 1708 1946 1749 illi
1987 1707 2183 1756 offerent,
2215 1706 2319 1761 quia

514 1786 671 1828 melius
702 1791 770 1828 est
801 1787 1075 1840 parochianis
1106 1795 1155 1830 ut
1185 1789 1289 1831 boni
1326 1796 1451 1832 actus
1481 1790 1592 1832 fiant
1622 1790 1695 1842 eis,
1725 1803 1859 1843 quarn
1889 1802 1969 1844 pro
2009 1787 2082 1839 eis,
2115 1800 2175 1829 sc.
2206 1799 2319 1841 prae-

513 1866 692 1915 dicacio‚
721 1866 1010 1920 hospitalitas,
1031 1870 1188 1920 oraci0,
1220 1885 1302 1925 pro
1333 1871 1394 1912 eis
1428 1877 1473 1913 et
1503 1884 1651 1913 coram
1685 1871 1758 1921 eis,
1783 1875 1833 1912 ut
1868 1868 2010 1922 magis
2045 1880 2193 1910 coram
2218 1867 2318 1908 Deo

514 1948 559 1988 in
597 1961 747 1989 amore
788 1947 881 2000 ejus
920 1951 1226 2003 accendantur,
1266 1959 1312 1994 et
1351 1953 1520 1994 bonum
1562 1951 1818 2006 exemplum
1860 1956 1904 1991 et
1940 1948 2183 1999 consilium,
2217 1961 2318 2002 quae

513 2027 663 2070 omnia
689 2034 873 2082 pereunt
907 2043 986 2082 per
1016 2031 1221 2073 miseram
1250 2033 1674 2087 appropriacionem.
1741 2032 1888 2082 Unde,
1924 2030 2028 2084 quia
2062 2043 2090 2071 a
2120 2029 2221 2070 Deo
2251 2029 2317 2069 in-

512 2109 716 2151 stitutum
736 2108 831 2160 fuit,
852 2109 953 2151 ideo
980 2111 1162 2153 decimae
1194 2114 1402 2156 darentur
1428 2120 1591 2165 curato,
1612 2114 1687 2168 qui
1714 2113 1849 2154 habet
1879 2125 2028 2154 curam
2054 2109 2317 2152 animarum.

515 2190 642 2240 Item,
677 2188 834 2231 melius
867 2195 934 2231 est
969 2197 1019 2232 ut
1054 2191 1140 2233 alia
1172 2193 1290 2235 bona
1325 2194 1434 2237 fiant
1468 2193 1745 2249 parochianis
1780 2193 1824 2233 in
1859 2198 2000 2234 semet
2034 2190 2151 2244 ipsis,
2182 2202 2317 2243 quam

513 2283 593 2324 pro
629 2269 747 2324 ipsis.
809 2270 1021 2312 Rectores
1058 2273 1173 2313 enim
1218 2274 1322 2315 boni
1364 2289 1443 2329 pro
1483 2273 1760 2329 parochianis
1799 2279 1938 2321 orant,
1980 2277 2025 2313 et
2065 2283 2212 2312 coram
2255 2269 2318 2310 eis

513 2349 853 2404 praesencialiter
892 2351 1151 2403 ministrant,
1187 2360 1236 2395 ut
1278 2355 1495 2397 efficacius
1535 2360 1776 2410 praesentes
1815 2353 2111 2395 accendantur
2149 2350 2194 2391 in
2231 2348 2317 2390 Dei

515 2431 646 2473 laude
677 2437 721 2473 et
751 2445 914 2474 amore.
975 2431 1102 2484 Item,
1133 2435 1407 2487 parochianis
1438 2437 1528 2477 suis
1558 2436 1812 2490 praedicant,
1837 2440 1880 2476 et
1909 2433 2117 2475 veritates
2147 2429 2317 2472 divinas

516 2517 561 2553 et
601 2512 731 2554 utiles
773 2511 1010 2563 declarant,
1043 2519 1087 2554 et
1127 2514 1381 2568 explanant,
1418 2523 1585 2558 rectum
1628 2515 1859 2559 consilium
1898 2511 2173 2569 parochianis
2213 2523 2316 2552 con-

515 2591 670 2644 ferunt,
702 2594 819 2635 unde
858 2593 1094 2648 quondam,
1128 2597 1306 2648 quando
1337 2596 1512 2638 fuerunt
1543 2596 1693 2652 plures
1722 2596 1826 2639 boni
1857 2602 1903 2638 et
1937 2593 2097 2636 maturi
2127 2597 2317 2633 rectores

517 2673 807 2725 ecclesiarum,
828 2674 888 2716 ibi
919 2674 1169 2725 residentes,
1190 2676 1325 2730 brigae
1356 2683 1401 2718 et
1431 2678 1724 2720 dissensiones
1752 2677 1862 2719 infra
1887 2673 2142 2731 parochiam
2169 2676 2323 2717 motaer

516 2753 585 2794 vel
626 2754 737 2796 inter
766 2754 1066 2808 parochianos,
1104 2755 1258 2808 sopitae
1291 2762 1415 2798 erant
1447 2763 1492 2798 et
1522 2757 1657 2799 finitae
1699 2772 1778 2811 per
1807 2758 1972 2799 bonum
2003 2758 2239 2797 tractatum
2271 2755 2316 2791 et
