2456 3210
377 183 435 222 44
882 173 1014 210 LOCI
1048 174 1087 208 E
1125 173 1289 209 LIBRO
1338 172 1680 209 VERJTATUM.

381 318 564 360 ecclesia
595 317 745 360 Sancti
784 317 963 358 Martini
1004 314 1047 356 in
1079 315 1333 370 Quadrivio,
1372 315 1491 368 quod
1526 315 1682 356 beatus
1717 313 1872 356 doctor
1902 311 2183 367 Augustinus

381 398 635 454 praedicavit
679 409 764 448 400
806 410 1028 439 sermones
1068 397 1124 438 ad
1166 395 1329 437 clerum
1373 401 1417 437 et
1463 396 1520 436 ad
1561 394 1787 449 populum,
1827 394 1994 448 absque
2033 391 2198 447 aliquo'

381 479 580 520 themate
621 485 665 520 et
705 478 873 531 absque
912 483 1064 518 textus
1095 477 1401 529 assumpcione
1441 476 1485 517 in
1526 475 1739 529 principio
1776 474 1988 516 sermonis
2023 473 2100 523 sui,
2136 479 2185 518 et

382 561 443 601 sic
469 573 552 614 ego
577 558 810 613 praedicavi
836 557 907 598 die
936 564 980 599 et
1012 570 1127 598 anno
1158 557 1377 610 praedictis
1408 556 1452 597 in
1486 555 1666 597 Oxonia
1687 554 1855 596 nullum
1887 553 2039 596 thema
2067 553 2182 595 acci-

382 639 556 693 piendo,
590 652 669 680 nec
700 643 875 679 textum
912 638 967 678 ad
1004 637 1291 691 repetendum
1323 635 1392 677 vel
1429 636 1485 677 ad
1524 635 1873 677 concludendum
1904 633 2187 685 assumendQ,

361 719 460 761 -sed
483 719 687 760 materias
708 717 849 767 utiles,
877 723 925 758 ut
947 717 1122 767 credidi,
1136 716 1300 771 populo
1323 716 1563 758 ministravi
1594 719 1709 767 tunc,
1731 722 1775 757 et
1796 714 2012 761 declaravi
2041 715 2085 755 in
2107 713 2183 761 illo

383 813 583 840 sermone
607 812 705 839 meo
727 798 918 840 Oxoniae
940 797 1106 851 absque
1127 810 1389 853 quocunque
1419 796 1617 839 themate
1648 802 1707 854 et·
1723 796 1890 849 absque
1919 795 2183 850 repeticione

382 879 563 933 alicujus
598 885 760 928 textus,
789 878 866 920 sed
903 883 1054 919 textus
1087 878 1143 919 ad
1176 878 1380 919 materias
1414 877 1662 933 propositas
1693 876 1961 931 pertinentes
1996 875 2183 929 exposui

383 966 428 1001 et
449 958 675 1000 declaravi.
727 958 892 1003 Modus
912 959 1029 1000 enim
1050 958 1316 1011 praedicandi
1338 971 1416 1013 per
1435 958 1668 1004 divisiones
1690 963 1735 998 et
1756 970 1834 1011 per
1849 955 2000 999 thema
2021 955 2184 1010 incepit

361 1041 495 1082 “circa
532 1052 695 1098 annum
731 1039 911 1080 Domini
949 1037 1227 1079 millesimum
1265 1044 1309 1080 et
1342 1038 1433 1080 fere
1468 1037 1828 1087 ducentesimum,
1862 1043 1911 1078 ut
1946 1042 2071 1090 patet
2105 1049 2186 1090 per

383 1126 584 1173 auctores
614 1119 768 1161 talium
801 1132 1062 1160 sermonum.

501 1199 774 1253 Reginaldus
817 1183 973 1250 Pecok,
1014 1200 1087 1253 qui
1130 1200 1383 1253 praedicavit
1420 1198 1664 1240 Londoniis
1701 1197 1818 1252 quod
1861 1197 2054 1251 episcopi
2096 1210 2189 1238 non>

384 1262 590 1322 tenentur
637 1280 884 1333 praedicare‚
927 1286 976 1321 ut
1026 1280 1109 1322 iste
1158 1282 1370 1323 terminus
1420 1280 1658 1334 praedicare
1702 1278 1913 1332 accipitur
1960 1278 2004 1319 in
2055 1291 2184 1319 sensu

386 1360 567 1411 famoso,
588 1366 742 1414 postea
770 1361 896 1411 dixit,
920 1366 969 1402 ut
996 1367 1195 1402 asserunt
1226 1362 1302 1411 sui,
1331 1361 1451 1416 quod
1479 1361 1672 1414 episcopi
1703 1364 1908 1401 tenentur
1936 1359 2185 1413 praedicare,

360 1441 463 1482 ss-sed
510 1454 596 1481 non
639 1441 714 1482 illo
760 1441 893 1482 modo
939 1455 1027 1495 quo
1071 1442 1267 1487 moderni
1313 1442 1567 1501 praedicant‚
1610 1454 1668 1482 sc.
1699 1440 1916 1481 sumendo
1948 1439 2099 1482 thema
2140 1444 2189 1480 et

385 1521 634 1579 inducendo
655 1522 890 1563 divisiones
912 1522 1121 1564 thematis
1142 1523 1368 1577 assumpti,
1382 1537 1470 1577 quo
1494 1535 1654 1577 genere
1674 1520 2003 1574 praedicacionis
2024 1521 2186 1562 scimus

386 1602 586 1643 homines
618 1616 705 1643 non
736 1603 930 1657 obligari.
993 1603 1074 1644 Ille
1105 1603 1222 1645 enim
1256 1604 1491 1651 modernus
1522 1602 1679 1644 modus
1710 1601 1977 1655 praedicandi
2009 1601 2187 1646 intravit

374 1690 621 1736 ..postquam
643 1683 817 1725 ordines
838 1683 1018 1726 fratrum
1047 1662 1275 1726 ecclesiam
1305 1685 1586 1735 intraverunt,
1607 1682 1684 1724 sed
1713 1682 1952 1736 praedicare
1982 1681 2193 1723 materias.

387 1769 637 1817 assumptas
677 1763 954 1816 declarando,
991 1771 1034 1806 et
1070 1771 1246 1806 textum
1287 1765 1511 1819 scripturae
1546 1777 1681 1805 sacrae
1710 1762 1949 1805 secundum
1987 1762 2195 1807 ordinem.

363 1850 540 1886 -textus
580 1830 859 1898 postillando‚
895 1859 969 1886 seu
1012 1846 1288 1900 exponendo,
1323 1845 1405 1894 suit
1445 1845 1602 1886 modus
1632 1843 1897 1898 praedicandi
1933 1849 2185 1884 sanctorum

387 1931 575 1978 patrum,
604 1931 653 1966 ut
683 1931 807 1979 patet
838 1925 880 1965 in
912 1926 1185 1967 sermonibus
1215 1926 1366 1968 Sancti
1398 1924 1648 1978 Augustini,
1681 1930 1725 1966 et
1758 1924 1801 1964 in
1830 1923 2001 1965 omeliis
2033 1923 2185 1966 Sancti

387 2004 628 2059 Augustini
648 2018 778 2060 supra
793 2004 1053 2058 Johannem,
1076 2007 1139 2047 i.e.
1163 2006 1208 2047 in
1231 2005 1503 2048 sermonibus
1525 2003 1619 2058 ejus
1639 2004 1695 2045 ad
1718 2003 1942 2059 populum,
1960 2004 2004 2045 in
2026 2004 2186 2058 quibus

388 2086 573 2141 exponit
593 2091 768 2128 textum
786 2086 997 2140 evangelii
1013 2086 1193 2129 diversis
1209 2087 1363 2131 diebus
1378 2086 1491 2137 lecti,
1508 2091 1552 2132 et
1570 2085 1688 2127 idem
1703 2090 1827 2139 patet
1847 2084 1892 2126 in
1912 2084 2187 2126 sermonibus

388 2166 527 2214 sancti
558 2166 749 2209 doctoris
780 2166 1003 2208 Bernardi.
1064 2167 1124 2209 Et
1149 2168 1303 2210 doctor
1328 2166 1577 2213 Willelmus
1603 2165 1868 2220 Milyngton,
1895 2165 2187 2207 Eboracensis

388 2247 584 2299 diocesis,
605 2248 662 2289 de
694 2246 824 2288 Clara
845 2247 965 2289 Aula
987 2247 1296 2303 cantabrigiae,
1325 2248 1441 2293 dixit
1471 2252 1633 2301 aperte,
1655 2246 1699 2288 in
1730 2259 1928 2288 sermone
1957 2260 2038 2288 suo
2067 2245 2186 2300 apud

389 2342 558 2370 crucem
600 2327 752 2370 Sancti
793 2327 915 2370 Pauli
953 2327 1173 2382 Apostoli,
1210 2330 1297 2371 cito
1337 2333 1438 2382 post
1471 2341 1718 2368 sermonem
1759 2327 1956 2381 praedicti
1993 2325 2186 2381 episcopi

391 2409 652 2464 Reginaldi:
682 2408 805 2451 ‘Sub
840 2422 974 2463 poena
1007 2410 1161 2463 capitis
1198 2410 1282 2451 mei
1322 2408 1583 2462 manucapio
1623 2408 1743 2462 quod
1788 2421 1971 2462 regnum
2007 2406 2186 2461 Angliae

390 2503 477 2531 non
498 2489 824 2544 prosperabitur
843 2502 1071 2542 quousque
1092 2489 1288 2530 faventes
1308 2487 1517 2542 predictae
1541 2487 1807 2530 conclusioni
1836 2488 2027 2542 episcopi
2051 2486 2186 2540 Regi-

390 2570 508 2618 naldi
540 2571 672 2624 digne
702 2567 1011 2624 corrigantur3’
1041 2575 1085 2610 et
1115 2569 1199 2611 hoc
1230 2575 1296 2611 est
1328 2568 1543 2618 creditum
1576 2582 1602 2609 a
1638 2568 1788 2618 multis
1819 2568 1947 2610 bonis
1976 2566 2186 2622 personis.

389 2650 675 2705 Temporales
694 2650 772 2692 viri
795 2655 839 2691 et
861 2648 1025 2691 domini
1048 2649 1256 2691 dixerunt
1276 2649 1333 2690 de
1354 2648 1438 2689 isto
1459 2648 1665 2703 episcopo
1689 2648 1834 2691 Pecok
1855 2666 1863 2691 :
1898 2652 1907 2670 ‘
1927 2648 2044 2697 Heu,
2066 2647 2198 2701 quod·

391 2743 469 2772 nos
520 2745 668 2780 sumus
718 2730 899 2785 obligati
941 2743 1017 2784 per
1058 2730 1237 2771 Domini
1278 2735 1546 2783 praeceptum
1590 2729 1645 2771 ad
1687 2729 1935 2772 docendum
1976 2727 2223 2774 familiam-
