2456 3210
591 260 722 296 LOCI
756 259 795 294 E
833 257 998 293 LIBRO
1045 257 1388 292 VERJTATUM.
1839 261 1892 305 79

97 420 185 448 non
216 411 449 454 merentur,
478 409 527 444 ut
557 408 743 444 testatur
774 401 964 444 Sanctus
993 399 1191 440 Thomas
1221 398 1414 439 secunda
1449 397 1656 439 secundae
1692 398 1749 438 de
1784 411 1896 451 prae-

97 485 365 541 sumpcione.
421 483 659 526 Vivificant
702 463 872 524 animas
922 494 1023 535 quae
1068 492 1157 520 non
1198 478 1363 529 vivunt,
1403 478 1478 532 qui
1530 478 1682 520 dicunt
1726 478 1897 519 animas

97 567 242 608 vivere
275 566 390 606 bene
425 577 573 606 coram
610 563 721 612 Deo,
757 568 803 603 et
844 574 940 602 esse
974 573 1123 601 secure
1158 571 1306 601 coram
1344 558 1442 600 Deo
1475 558 1533 599 de
1564 558 1723 612 gracia,
1755 558 1896 606 venia,

98 652 144 688 et
182 645 332 700 gloria,
373 649 419 686 et
457 649 553 685 tum
593 643 655 684 sic
695 654 842 683 coram
884 640 984 682 Deo
1022 639 1183 680 animae
1223 639 1310 680 illae
1350 652 1439 680 non
1479 645 1594 687 sunt,
1631 639 1743 680 sicut
1783 639 1899 680 dixit

99 725 319 768 Dominus
348 723 628 778 Apocalipsis
662 721 740 775 iij0,
777 725 787 743 ‘
805 721 982 762 Nomen
1019 719 1157 761 habes
1191 719 1311 774 quod
1347 719 1467 770 vivis,
1504 726 1549 760 et
1590 726 1788 761 mortuus
1825 717 1899 760 es.’

100 805 163 848 Et
202 805 265 846 illi
305 804 523 846 vivificant
557 801 776 852 vocaliter,
813 806 858 842 et
893 802 937 841 in
971 800 1117 850 verbo,
1152 799 1322 841 animas
1357 814 1457 853 quae
1499 813 1585 841 non
1622 800 1775 841 vivunt
1809 800 1900 841 vita

100 885 259 940 graciae
283 884 456 926 realiter
486 896 632 924 coram
665 882 775 932 Deo,
801 881 875 935 qui
906 880 1127 922 affirmant
1156 880 1226 921 vel
1257 881 1534 922 sentenciant
1564 880 1742 933 aliquid,
1777 880 1899 933 cujus

101 964 365 1007 contrarium
405 947 526 1005 Deus
574 962 828 1012 sentenciat,
869 961 1028 1015 quibus
1077 961 1183 1002 dicit
1231 960 1460 1011 Dominus,
1500 974 1580 1014 per
1631 960 1900 1002 Malachiam

101 1044 376 1100 prophetam,
408 1043 696 1084 ‘Maledicam
726 1040 1110 1083 benediccionibus
1137 1038 1319 1089 vestris‚'
1350 1041 1377 1081 i.
1393 1054 1429 1082 e.
1461 1040 1545 1081 illis
1580 1055 1691 1094 quos
1720 1054 1798 1081 vos
1835 1055 1901 1081 er-

102 1139 235 1167 ronee
264 1124 489 1166 absolutos
519 1123 673 1173 dicitis,
704 1129 749 1164 et
779 1122 863 1163 illis
898 1121 1036 1171 malis,
1068 1135 1179 1175 quos
1208 1121 1432 1162 adulando
1462 1121 1602 1162 bonos
1638 1135 1712 1162 eos
1744 1121 1899 1169 dicitis,

103 1212 149 1247 et
175 1205 407 1247 sentenciis
433 1204 588 1246 vestris
618 1202 928 1253 contradicam,
950 1208 998 1243 ut
1029 1208 1216 1243 testatur
1242 1201 1431 1243 Sanctus
1456 1202 1706 1255 Jeronimus
1737 1202 1900 1243 ibidem

104 1287 148 1327 in
180 1285 515 1328 Commentariis
544 1284 645 1325 suis.'
706 1283 819 1325 Item
851 1282 1071 1323 vivificant
1105 1282 1220 1323 male
1253 1283 1434 1332 animas,
1465 1289 1508 1323 et
1540 1282 1658 1330 false,
1693 1283 1767 1336 qui
1801 1296 1903 1336 pec·

104 1372 204 1408 cata
248 1366 383 1408 deleri
430 1362 600 1422 [dicunt
614 1361 649 1413 Ρ]
693 1363 905 1417 corporali
956 1362 1206 1412 elemosina,
1253 1363 1346 1403 sine
1395 1376 1496 1403 vera
1547 1363 1826 1404 conversione
1875 1376 1902 1403 a

104 1452 287 1500 peccato
327 1445 385 1487 ad
423 1445 589 1486 bonum
632 1443 910 1485 contrarium.
980 1439 1147 1493 ‘Date,'
1197 1442 1338 1495 inquit
1383 1443 1612 1493 Dominus,
1653 1442 1786 1483 Lucae
1822 1442 1902 1496 xj⁰‚

107 1525 428 1576 ‘elemosinam,
459 1530 503 1566 et
532 1524 680 1565 omnia
716 1523 881 1564 munda
911 1528 1011 1563 sunt
1040 1519 1190 1563 vobis?
1250 1523 1352 1563 Non
1384 1522 1490 1563 dicit
1522 1523 1749 1572 Dominus,
1787 1523 1904 1565 Date

106 1619 414 1659 quamcunque
472 1604 769 1655 elemosinam,
820 1610 864 1644 et
927 1602 1075 1643 omnia
1131 1602 1296 1643 munda
1354 1602 1490 1653 vobis,
1541 1604 1618 1644 sed
1679 1604 1902 1656 quandam

107 1685 390 1727 elemosinam
420 1685 526 1726 dare
556 1685 764 1739 praecipit,
797 1697 884 1737 qua
915 1683 1183 1723 mundantur
1217 1690 1408 1737 peccata,
1440 1684 1616 1734 scilicet,
1645 1698 1746 1725 vere
1777 1685 1904 1725 mise-

108 1765 190 1811 reri
228 1765 386 1806 animae
426 1771 514 1806 tuae
554 1764 753 1818 propriae,
793 1763 968 1817 culpam
1014 1769 1131 1804 recte
1170 1762 1407 1804 deferendo
1448 1771 1494 1805 et
1535 1764 1634 1805 Deo
1674 1764 1905 1818 placendo.

110 1844 328 1886 Dominus
358 1845 486 1893 enim,
516 1844 650 1886 Lucae
672 1843 751 1898 xj0,
783 1842 1131 1897 reprehendebat
1161 1843 1324 1884 scribas
1355 1850 1398 1884 et
1430 1844 1670 1895 phariseos,
1702 1851 1746 1886 et
1777 1845 1904 1894 dixit,

108 1938 177 1965 vae
217 1923 323 1965 illis!
373 1925 477 1978 quia
522 1925 760 1966 credebant
806 1938 853 1965 se
899 1924 1061 1964 habere
1105 1923 1278 1964 veniam
1322 1938 1348 1965 a
1390 1924 1490 1966 Deo
1534 1939 1613 1979 per
1656 1925 1906 1966 elimosinas

112 2003 370 2058 corporales,
400 2005 493 2046 sine
528 2005 811 2046 conversione
841 2019 867 2045 a
899 2003 1103 2057 peccatis,
1134 2011 1178 2045 et
1210 2004 1304 2045 sine
1336 2004 1431 2045 aliis
1466 2005 1672 2058 operibus
1703 2004 1905 2058 justiciae,

112 2097 299 2137 quorum
338 2083 559 2126 debitores
599 2091 723 2126 erant
755 2097 903 2125 coram
935 2083 1048 2124 Deo.
1121 2083 1228 2125 Ideo
1267 2084 1384 2125 enim
1420 2085 1701 2126 decimabant
1741 2085 1906 2133 scribae,

113 2163 140 2204 i.
162 2176 200 2204 e.
240 2162 349 2216 legis
394 2163 601 2206 Mosaicae
646 2165 859 2215 doctores,
901 2170 945 2205 et
988 2163 1191 2213 Pharisei,
1231 2164 1257 2205 i.
1279 2178 1315 2205 e.
1360 2171 1576 2218 praetense
1621 2165 1699 2205 viri
1745 2165 1907 2206 strictae

113 2241 347 2295 religionis.
406 2242 527 2294 Ideo,
562 2244 673 2295 dico,
705 2243 987 2285 decimabant
1018 2243 1170 2284 scribae
1206 2250 1251 2285 et
1286 2243 1477 2285 Pharisei
1510 2250 1717 2292 mentam,
1751 2250 1906 2292 rutam,

115 2328 159 2363 et
190 2321 409 2373 ciminum,
440 2322 572 2364 Lucae
602 2323 682 2377 xj0,
712 2329 760 2364 ut
790 2323 1041 2365 elimosinas
1072 2323 1320 2377 corporales
1353 2338 1433 2378 pro
1464 2324 1562 2365 Deo
1594 2330 1638 2364 et
1669 2337 1748 2376 pro
1782 2324 1908 2364 venia

114 2401 318 2443 habenda
351 2400 553 2452 facerent,
587 2409 633 2444 et
661 2409 811 2445 tamen
844 2403 966 2444 Deus
1001 2403 1118 2444 dixit
1151 2403 1225 2452 eis,
1262 2403 1370 2445 ‘Vae
1400 2404 1548 2445 vobis!
1590 2404 1662 2456 qui
1694 2404 1755 2444 sic
1792 2403 1909 2444 deci-

118 2478 273 2531 matis‚'
311 2493 371 2521 sc.
401 2488 581 2535 propter
617 2482 877 2524 elemosinas
917 2482 1164 2536 corporales
1204 2482 1438 2534 faciendas,
1474 2486 1545 2525 ‘et
1576 2483 1816 2535 relinquitis
1857 2497 1910 2523 ea

117 2573 218 2613 quae
251 2557 473 2613 graviora,’
502 2560 528 2602 i.
544 2574 581 2603 e.
603 2563 742 2615 magis
769 2562 1021 2612 necessaria,
1048 2567 1186 2613 ‘sunt,
1211 2562 1319 2616 legis
1347 2563 1572 2617 judicium,
1604 2570 1647 2603 et
1681 2563 1908 2603 caritatem

118 2638 230 2680 Dei.'
288 2638 421 2692 Quod
451 2639 609 2681 deforis
639 2647 716 2693 est,
747 2642 975 2689 mendatis,
1009 2642 1127 2695 quod
1159 2649 1308 2684 autem
1340 2643 1456 2684 intus
1488 2649 1554 2683 est
1585 2649 1788 2691 vestrum,
1815 2642 1908 2696 ple-

118 2732 224 2760 num
256 2724 321 2759 est
352 2718 503 2772 rapina
533 2724 578 2759 et
607 2719 846 2773 iniquitate.
911 2722 1023 2762 Haec
1053 2721 1243 2763 Sanctus
1275 2722 1549 2776 Augustinus
1581 2721 1635 2761 de
1672 2721 1909 2763 elemosina

120 2799 163 2840 in
199 2797 312 2839 libro
343 2812 422 2839 suo
453 2804 609 2840 vocato
641 2799 946 2852 Eucheridion,
982 2802 1025 2843 id
1062 2809 1140 2851 est,
1182 2802 1292 2844 libro
1330 2801 1542 2843 manualis
1579 2807 1622 2842 et
1659 2802 1909 2855 portabilis:
