2456 3210
661 260 790 296 LOCI
826 260 867 295 E
905 259 1072 295 LIBRO
1119 257 1462 293 VERJTATUM.
1929 258 1957 303 5

156 405 202 447 in
229 419 309 447 sua
338 405 516 459 dyocesi
547 410 593 446 et
622 403 838 458 parochiis
869 401 987 443 mala
1015 401 1155 455 litigia
1184 399 1534 453 multiplicantur
1562 399 1606 440 in
1633 399 1826 450 eisdem3
1857 399 1957 440 ideo

156 485 209 528 fit
238 499 425 539 magnus
455 498 654 526 recursus
682 484 741 525 ad
770 482 953 525 consilia
982 480 1317 535 multiplicanda
1346 480 1390 520 in
1422 493 1569 532 regno.

273 565 323 608 Si
357 566 456 620 quis
493 565 698 606 fundaret
736 562 972 617 collegium
1011 562 1057 602 in
1094 566 1384 615 augmentum
1418 560 1629 610 scienciae,
1660 561 1882 611 virtutum,
1913 566 1959 601 et

155 646 370 688 doctrinae
404 659 482 687 seu
514 646 690 687 devotae
718 643 940 698 religionis
970 641 1278 692 viros„vidmt
1308 641 1428 694 quod
1460 640 1522 681 sic
1556 640 1760 682 fundaret
1790 654 1866 682 eos
1901 640 1959 681 de

158 726 286 767 bonis
317 727 407 767 suis
436 726 632 781 propriis,
663 739 763 779 quae
798 725 860 765 eis
894 723 1113 765 sufficiant
1137 722 1197 763 ad
1226 721 1483 770 necessaria,
1515 734 1603 761 non
1633 721 1960 775 appropriando

157 808 222 848 eis
250 806 456 848 ecclesias
484 805 767 860 parochiales

276 892 322 936 [p.
343 892 415 934 θα]
464 887 621 940 Nuper
659 886 776 927 enim
823 898 936 925 unus
981 896 1130 925 comes
1171 882 1276 924 fecit
1316 882 1546 924 ecclesiam
1590 883 1648 924 de
1690 882 1960 936 Haghkarth

160 966 431 1021 appropriari
471 965 697 1007 monachis
736 964 849 1006 albis
887 965 944 1005 de
981 963 1147 1005 Gervas
1185 963 1244 1004 ad
1277 962 1473 1004 valorem
1513 963 1741 1005 annuatim
1782 970 1960 1005 centum

162 1047 382 1098 librarum,
401 1053 447 1088 et
476 1046 551 1088 ille
577 1059 724 1087 comes
751 1046 888 1086 habet
915 1044 998 1085 sibi
1026 1050 1072 1085 et
1098 1043 1332 1084 heredibus
1359 1043 1450 1084 suis
1480 1043 1539 1084 de
1565 1044 1722 1084 eadem
1749 1044 1962 1085 abbathia

163 1133 304 1168 terras
330 1127 388 1169 de
411 1140 563 1169 eorum
582 1125 856 1174 fundatione,
875 1139 976 1179 quae
995 1124 1144 1165 valent
1164 1124 1394 1165 annuatim
1422 1123 1472 1164 xl
1501 1124 1644 1174 libras,
1665 1138 1775 1177 quas
1803 1125 1961 1166 eadem

162 1207 375 1248 abbathia
402 1207 527 1249 dedit
553 1207 704 1248 comiti
733 1212 779 1247 et
805 1205 1040 1246 heredibus
1066 1204 1157 1245 suis
1177 1217 1258 1258 pro
1278 1204 1354 1245 illa
1379 1204 1741 1258 appropriacione
1765 1205 1962 1246 ecclesiae

162 1287 423 1341 parochialis
450 1288 617 1329 eisdem
646 1285 887 1327 monachis.
947 1284 1009 1326 Et
1039 1284 1323 1326 consimiliter
1340 1284 1507 1325 habent
1533 1285 1736 1326 monachi
1763 1285 1962 1326 Eborum

163 1366 392 1408 ecelesiam
412 1367 470 1409 de
491 1366 771 1420 Ormyshede
790 1379 870 1420 pro
892 1365 1086 1406 manerio
1103 1364 1292 1406 Scottun
1311 1365 1639 1418 appropriatam
1656 1382 1667 1416 ;
1701 1371 1745 1407 et
1765 1366 1963 1407 studium

163 1453 209 1488 et
229 1447 454 1501 promocio
473 1447 753 1488 studencium
774 1452 819 1487 et
839 1445 1062 1487 exhibicio
1082 1444 1140 1486 ad
1160 1445 1355 1486 studium
1377 1453 1576 1498 pereunt.
1619 1445 1736 1487 Item
1758 1446 1963 1488 monachi

164 1527 276 1581 nigri
306 1527 503 1568 Eborum
532 1526 700 1568 habent
730 1540 799 1566 xx
830 1524 1031 1566 marchas
1060 1524 1261 1566 annualis
1290 1526 1513 1578 pensionis
1540 1526 1708 1567 eisdem
1739 1527 1963 1568 monachis

163 1607 210 1648 in
229 1613 492 1660 perpetuum
512 1605 735 1648 relaxatas
754 1619 833 1659 per
852 1605 1082 1647 ecclesiam
1108 1604 1407 1646 cathedralem
1435 1605 1588 1647 Sancti
1610 1606 1728 1648 Petri
1750 1607 1964 1648 Eborum.

165 1686 252 1728 Illa
278 1686 396 1728 enim
426 1687 489 1728 sic
520 1686 736 1728 relaxavit
767 1685 994 1727 monachis
1028 1683 1150 1725 illam
1186 1685 1423 1727 annualem
1454 1686 1713 1739 pensionem
1747 1701 1815 1727 xx
1850 1701 1964 1728 mar-

165 1766 345 1809 charum
384 1780 465 1820 pro
494 1766 593 1820 jure
629 1772 891 1820 patronatus
931 1765 1060 1805 unius
1103 1764 1298 1806 ecclesiae
1337 1766 1601 1819 parochialis
1639 1781 1848 1809 concesso
1887 1781 1966 1821 per

165 1846 406 1888 monachos
445 1846 640 1888 ecclesiae
678 1846 819 1888 sancti
853 1845 971 1886 Petri
1013 1844 1224 1894 Eborum,
1255 1852 1306 1887 ut
1339 1859 1419 1900 per
1449 1846 1676 1888 licenciam
1710 1861 1965 1889 concessam

165 1939 245 1980 per
274 1926 513 1968 Henricum
546 1925 740 1968 Sextum
771 1938 922 1979 regem
951 1924 1133 1978 Angliae
1167 1925 1324 1967 eadem
1358 1926 1544 1968 ecclesia
1579 1927 1792 1969 Ecclesiae
1824 1928 1964 1970 sancti

169 2005 284 2047 Petri
310 2006 625 2060 approprietur.

286 2085 475 2140 Indigna
515 2087 634 2127 enim
679 2086 906 2139 promocio
950 2084 1207 2125 inhabilium
1254 2099 1535 2139 personarum
1579 2095 1623 2129 et
1663 2089 1965 2142 appropriacio

170 2163 448 2206 ecclesiarum
473 2164 786 2219 parochialium
814 2179 957 2207 causae
977 2164 1150 2206 fuerunt
1176 2164 1487 2208 destruccionis
1511 2169 1634 2222 regni
1657 2168 1966 2218 Bohemorum,

170 2250 218 2286 et
242 2243 531 2286 hereticorum
558 2245 679 2286 illam
705 2246 894 2298 patriam
922 2252 968 2286 et
999 2258 1182 2299 regnum
1211 2246 1542 2298 destruentium,
1568 2255 1612 2289 et
1646 2249 1823 2301 quando
1854 2249 1964 2289 veri-

171 2323 314 2364 simile
344 2323 427 2365 fuit
453 2325 576 2378 quod
609 2325 718 2366 talia
753 2325 871 2366 mala
903 2325 1183 2366 imminerent
1213 2339 1348 2379 regno
1383 2327 1621 2378 Bohemiae,
1652 2342 1731 2381 per
1763 2327 1966 2381 indignos

172 2403 389 2457 praelatos,
409 2417 488 2457 per
505 2406 912 2459 appropriacionem
942 2405 1237 2456 ecclesiarum,
1257 2412 1303 2447 et
1323 2420 1403 2460 per
1422 2413 1596 2448 curatos
1617 2421 1704 2448 non
1726 2407 1966 2448 residentes

173 2483 217 2523 in
257 2482 370 2524 curis
409 2483 509 2534 suis,
541 2483 819 2526 Universitas
853 2485 1085 2539 Pragensis
1120 2485 1293 2539 scripsit
1333 2486 1528 2528 Martino
1567 2485 1614 2538 5⁰
1652 2501 1732 2540 pro
1771 2487 1965 2528 remedio

172 2562 331 2604 horum
359 2562 597 2612 malorum,
633 2565 711 2605 sed
747 2565 990 2606 remedium
1026 2578 1114 2606 non
1149 2565 1232 2606 fuit
1266 2573 1551 2607 consecutum
1583 2567 1661 2607 sed
1694 2567 1964 2608 destructum

175 2648 244 2684 est
282 2633 465 2695 regnum
499 2641 794 2685 Bohemorum
826 2651 871 2686 et
903 2645 1101 2686 ecclesiae
1135 2645 1370 2687 destructae
1405 2654 1450 2687 et
1482 2646 1723 2687 combustae
1755 2659 1834 2699 per
1864 2647 1966 2689 Hus

175 2721 467 2763 hereticorum
514 2722 754 2775 principem
801 2731 846 2765 et
892 2738 971 2778 per
1010 2726 1187 2766 Petrum
1238 2725 1371 2767 Clark
1413 2725 1664 2778 Anglicum,
1706 2726 1965 2779 magistrum

175 2802 334 2843 artium
381 2800 578 2842 inutilem
629 2801 832 2852 Oxoniae,
871 2805 945 2858 qui
996 2805 1077 2846 suit
1128 2812 1256 2847 natus
1306 2806 1349 2846 in
1400 2805 1564 2858 Anglia
1609 2805 1651 2844 in
1693 2805 1796 2846 villa
1834 2806 1966 2859 juxta
