<?xml version="1.0" encoding="UTF-8"?>
<!DOCTYPE html PUBLIC "-//W3C//DTD XHTML 1.0 Transitional//EN"
    "http://www.w3.org/TR/xhtml1/DTD/xhtml1-transitional.dtd">
<html xmlns="http://www.w3.org/1999/xhtml" xml:lang="en" lang="en">
 <head>
  <title>
</title>
<meta http-equiv="Content-Type" content="text/html;charset=utf-8" />
  <meta name='ocr-system' content='tesseract 3.04.00' />
  <meta name='ocr-capabilities' content='ocr_page ocr_carea ocr_par ocr_line ocrx_word'/>
</head>
<body>
  <div class='ocr_page' id='page_1' title='image "./locielibroverita00gascuoft_0237.png"; bbox 0 0 2456 3210; ppageno 0'>
   <div class='ocr_carea' id='block_1_1' title="bbox 721 341 2030 392">
    <p class='ocr_par' dir='ltr' id='par_1_1' title="bbox 721 341 2030 392">
     <span class='ocr_line' id='line_1_1' title="bbox 721 341 2030 392; baseline 0.002 -16"><span class='ocrx_word' id='word_1_1' title='bbox 721 341 853 378; x_wconf 87' lang='lat' dir='ltr'><em>LOCI</em></span> <span class='ocrx_word' id='word_1_2' title='bbox 886 342 926 376; x_wconf 91' lang='lat' dir='ltr'><em>E</em></span> <span class='ocrx_word' id='word_1_3' title='bbox 963 341 1130 378; x_wconf 88' lang='lat' dir='ltr'><em>LIBRO</em></span> <span class='ocrx_word' id='word_1_4' title='bbox 1177 342 1522 378; x_wconf 65' lang='lat' dir='ltr'><em>VERJTATIAU.</em></span> <span class='ocrx_word' id='word_1_5' title='bbox 1950 345 2030 392; x_wconf 85' lang='lat'>135</span> 
     </span>
    </p>
   </div>
   <div class='ocr_carea' id='block_1_2' title="bbox 224 484 2032 2949">
    <p class='ocr_par' dir='ltr' id='par_1_2' title="bbox 224 484 2029 609">
     <span class='ocr_line' id='line_1_2' title="bbox 224 484 2029 540; baseline -0.001 -11"><span class='ocrx_word' id='word_1_6' title='bbox 224 486 402 537; x_wconf 89' lang='lat' dir='ltr'>deliciis,</span> <span class='ocrx_word' id='word_1_7' title='bbox 442 491 487 527; x_wconf 93' lang='lat' dir='ltr'>et</span> <span class='ocrx_word' id='word_1_8' title='bbox 526 484 600 526; x_wconf 87' lang='lat' dir='ltr'>alii</span> <span class='ocrx_word' id='word_1_9' title='bbox 639 484 833 526; x_wconf 87' lang='lat' dir='ltr'>officiarii</span> <span class='ocrx_word' id='word_1_10' title='bbox 881 485 1041 539; x_wconf 90' lang='lat' dir='ltr'>quibus</span> <span class='ocrx_word' id='word_1_11' title='bbox 1079 485 1197 527; x_wconf 89' lang='lat' dir='ltr'>vices</span> <span class='ocrx_word' id='word_1_12' title='bbox 1237 499 1338 527; x_wconf 91' lang='lat' dir='ltr'>suas</span> <span class='ocrx_word' id='word_1_13' title='bbox 1381 486 1664 528; x_wconf 88' lang='lat' dir='ltr'><strong>committant</strong></span> <span class='ocrx_word' id='word_1_14' title='bbox 1709 499 1844 540; x_wconf 88' lang='lat' dir='ltr'>opera</span> <span class='ocrx_word' id='word_1_15' title='bbox 1889 499 2029 539; x_wconf 89' lang='lat' dir='ltr'>pauca</span> 
     </span>
     <span class='ocr_line' id='line_1_3' title="bbox 224 566 791 609; baseline -0.005 0"><span class='ocrx_word' id='word_1_16' title='bbox 224 567 390 609; x_wconf 90' lang='lat' dir='ltr'>faciunt</span> <span class='ocrx_word' id='word_1_17' title='bbox 417 566 600 608; x_wconf 87' lang='lat' dir='ltr'>nomine</span> <span class='ocrx_word' id='word_1_18' title='bbox 630 579 791 607; x_wconf 89' lang='lat' dir='ltr'>eorum.</span> 
     </span>
    </p>

    <p class='ocr_par' dir='ltr' id='par_1_3' title="bbox 226 645 2031 1102">
     <span class='ocr_line' id='line_1_4' title="bbox 342 645 2029 701; baseline 0.001 -15"><span class='ocrx_word' id='word_1_19' title='bbox 342 653 395 697; x_wconf 86' lang='lat' dir='ltr'>[p.</span> <span class='ocrx_word' id='word_1_20' title='bbox 419 652 491 694; x_wconf 85' lang='lat'><em>26.]</em></span> <span class='ocrx_word' id='word_1_21' title='bbox 551 645 669 694; x_wconf 87' lang='lat' dir='ltr'>Noli,</span> <span class='ocrx_word' id='word_1_22' title='bbox 707 646 825 700; x_wconf 90' lang='lat' dir='ltr'>quod</span> <span class='ocrx_word' id='word_1_23' title='bbox 861 647 1145 688; x_wconf 86' lang='lat' dir='ltr'><strong>destruantur</strong></span> <span class='ocrx_word' id='word_1_24' title='bbox 1176 646 1255 688; x_wconf 90' lang='lat' dir='ltr'>illa</span> <span class='ocrx_word' id='word_1_25' title='bbox 1288 661 1389 700; x_wconf 83' lang='lat' dir='ltr'>quae</span> <span class='ocrx_word' id='word_1_26' title='bbox 1426 647 1581 688; x_wconf 87' lang='lat' dir='ltr'>fierent</span> <span class='ocrx_word' id='word_1_27' title='bbox 1615 661 1695 701; x_wconf 89' lang='lat' dir='ltr'>per</span> <span class='ocrx_word' id='word_1_28' title='bbox 1727 646 1802 688; x_wconf 90' lang='lat' dir='ltr'>illa</span> <span class='ocrx_word' id='word_1_29' title='bbox 1832 647 1949 689; x_wconf 90' lang='lat' dir='ltr'>bona</span> <span class='ocrx_word' id='word_1_30' title='bbox 1985 647 2029 687; x_wconf 90' lang='lat' dir='ltr'>in</span> 
     </span>
     <span class='ocr_line' id='line_1_5' title="bbox 226 727 2030 783; baseline 0 -14"><span class='ocrx_word' id='word_1_31' title='bbox 226 727 435 783; x_wconf 84' lang='lat' dir='ltr'>parochia</span> <span class='ocrx_word' id='word_1_32' title='bbox 467 741 549 782; x_wconf 91' lang='lat' dir='ltr'>per</span> <span class='ocrx_word' id='word_1_33' title='bbox 576 733 788 776; x_wconf 86' lang='lat' dir='ltr'>curatum,</span> <span class='ocrx_word' id='word_1_34' title='bbox 820 727 890 768; x_wconf 91' lang='lat' dir='ltr'>cui</span> <span class='ocrx_word' id='word_1_35' title='bbox 930 727 1006 768; x_wconf 91' lang='lat' dir='ltr'>illa</span> <span class='ocrx_word' id='word_1_36' title='bbox 1045 727 1163 768; x_wconf 92' lang='lat' dir='ltr'>bona</span> <span class='ocrx_word' id='word_1_37' title='bbox 1201 727 1310 769; x_wconf 90' lang='lat' dir='ltr'>data</span> <span class='ocrx_word' id='word_1_38' title='bbox 1348 735 1474 769; x_wconf 90' lang='lat' dir='ltr'>erant</span> <span class='ocrx_word' id='word_1_39' title='bbox 1513 734 1694 782; x_wconf 87' lang='lat' dir='ltr'>propter</span> <span class='ocrx_word' id='word_1_40' title='bbox 1732 728 1850 769; x_wconf 90' lang='lat' dir='ltr'>bona</span> <span class='ocrx_word' id='word_1_41' title='bbox 1885 727 2030 769; x_wconf 87' lang='lat' dir='ltr'>fienda</span> 
     </span>
     <span class='ocr_line' id='line_1_6' title="bbox 226 806 2028 863; baseline -0.001 -13"><span class='ocrx_word' id='word_1_42' title='bbox 226 820 375 850; x_wconf 88' lang='lat' dir='ltr'>coram</span> <span class='ocrx_word' id='word_1_43' title='bbox 403 806 691 863; x_wconf 83' lang='lat' dir='ltr'>parochianis,</span> <span class='ocrx_word' id='word_1_44' title='bbox 722 813 768 849; x_wconf 92' lang='lat' dir='ltr'>et</span> <span class='ocrx_word' id='word_1_45' title='bbox 798 807 965 848; x_wconf 89' lang='lat' dir='ltr'>eisdem</span> <span class='ocrx_word' id='word_1_46' title='bbox 993 807 1282 861; x_wconf 83' lang='lat' dir='ltr'>parochianis,</span> <span class='ocrx_word' id='word_1_47' title='bbox 1302 813 1348 849; x_wconf 88' lang='lat' dir='ltr'>et</span> <span class='ocrx_word' id='word_1_48' title='bbox 1375 822 1454 862; x_wconf 93' lang='lat' dir='ltr'>pro</span> <span class='ocrx_word' id='word_1_49' title='bbox 1483 808 1662 858; x_wconf 90' lang='lat' dir='ltr'>eisdem,</span> <span class='ocrx_word' id='word_1_50' title='bbox 1692 821 1750 850; x_wconf 90' lang='lat' dir='ltr'>sc.</span> <span class='ocrx_word' id='word_1_51' title='bbox 1770 808 2028 862; x_wconf 86' lang='lat' dir='ltr'>exemplum</span> 
     </span>
     <span class='ocr_line' id='line_1_7' title="bbox 226 888 2031 942; baseline 0 -12"><span class='ocrx_word' id='word_1_52' title='bbox 226 894 443 938; x_wconf 90' lang='lat' dir='ltr'>sanctum,</span> <span class='ocrx_word' id='word_1_53' title='bbox 469 888 632 929; x_wconf 89' lang='lat' dir='ltr'>devota</span> <span class='ocrx_word' id='word_1_54' title='bbox 661 888 813 938; x_wconf 89' lang='lat' dir='ltr'>oratio,</span> <span class='ocrx_word' id='word_1_55' title='bbox 844 888 1055 939; x_wconf 90' lang='lat' dir='ltr'>doctrina,</span> <span class='ocrx_word' id='word_1_56' title='bbox 1085 901 1242 929; x_wconf 89' lang='lat' dir='ltr'>sanum</span> <span class='ocrx_word' id='word_1_57' title='bbox 1272 888 1513 939; x_wconf 90' lang='lat' dir='ltr'>consilium,</span> <span class='ocrx_word' id='word_1_58' title='bbox 1540 895 1584 930; x_wconf 91' lang='lat' dir='ltr'>et</span> <span class='ocrx_word' id='word_1_59' title='bbox 1615 889 1809 930; x_wconf 86' lang='lat' dir='ltr'>remedia</span> <span class='ocrx_word' id='word_1_60' title='bbox 1838 894 2031 942; x_wconf 88' lang='lat' dir='ltr'>tempta-</span> 
     </span>
     <span class='ocr_line' id='line_1_8' title="bbox 226 967 2031 1023; baseline 0 -13"><span class='ocrx_word' id='word_1_61' title='bbox 226 969 410 1019; x_wconf 86' lang='lat' dir='ltr'>tionum,</span> <span class='ocrx_word' id='word_1_62' title='bbox 438 967 729 1022; x_wconf 84' lang='lat' dir='ltr'>hospitalitas,</span> <span class='ocrx_word' id='word_1_63' title='bbox 757 973 802 1009; x_wconf 87' lang='lat' dir='ltr'>et</span> <span class='ocrx_word' id='word_1_64' title='bbox 829 967 1081 1019; x_wconf 89' lang='lat' dir='ltr'>elemosina,</span> <span class='ocrx_word' id='word_1_65' title='bbox 1106 975 1152 1010; x_wconf 92' lang='lat' dir='ltr'>et</span> <span class='ocrx_word' id='word_1_66' title='bbox 1179 967 1402 1011; x_wconf 85' lang='lat' dir='ltr'>exhibicio</span> <span class='ocrx_word' id='word_1_67' title='bbox 1428 969 1639 1023; x_wconf 86' lang='lat' dir='ltr'>juvenum</span> <span class='ocrx_word' id='word_1_68' title='bbox 1667 969 1724 1010; x_wconf 89' lang='lat' dir='ltr'>ad</span> <span class='ocrx_word' id='word_1_69' title='bbox 1753 969 1899 1010; x_wconf 89' lang='lat' dir='ltr'>studia</span> <span class='ocrx_word' id='word_1_70' title='bbox 1934 969 2031 1010; x_wconf 88' lang='lat' dir='ltr'>lite-</span> 
     </span>
     <span class='ocr_line' id='line_1_9' title="bbox 227 1048 1865 1102; baseline 0 -11"><span class='ocrx_word' id='word_1_71' title='bbox 227 1060 385 1100; x_wconf 87' lang='lat' dir='ltr'>rarum,</span> <span class='ocrx_word' id='word_1_72' title='bbox 408 1054 459 1090; x_wconf 91' lang='lat' dir='ltr'>ut</span> <span class='ocrx_word' id='word_1_73' title='bbox 487 1054 630 1090; x_wconf 87' lang='lat' dir='ltr'>rector</span> <span class='ocrx_word' id='word_1_74' title='bbox 659 1048 855 1090; x_wconf 84' lang='lat' dir='ltr'>ecclesiae</span> <span class='ocrx_word' id='word_1_75' title='bbox 885 1048 1004 1090; x_wconf 93' lang='lat' dir='ltr'>dicat</span> <span class='ocrx_word' id='word_1_76' title='bbox 1034 1062 1134 1090; x_wconf 90' lang='lat' dir='ltr'>cum</span> <span class='ocrx_word' id='word_1_77' title='bbox 1163 1049 1263 1102; x_wconf 94' lang='lat' dir='ltr'>Job,</span> <span class='ocrx_word' id='word_1_78' title='bbox 1293 1051 1303 1069; x_wconf 88' lang='lat'>‘</span> <span class='ocrx_word' id='word_1_79' title='bbox 1321 1048 1486 1091; x_wconf 88' lang='lat' dir='ltr'>Oculus</span> <span class='ocrx_word' id='word_1_80' title='bbox 1516 1049 1577 1090; x_wconf 86' lang='lat' dir='ltr'>fui</span> <span class='ocrx_word' id='word_1_81' title='bbox 1608 1063 1738 1100; x_wconf 84' lang='lat' dir='ltr'>caeco,</span> <span class='ocrx_word' id='word_1_82' title='bbox 1769 1048 1865 1091; x_wconf 91' lang='lat' dir='ltr'>etc.&#39;</span> 
     </span>
    </p>

    <p class='ocr_par' dir='ltr' id='par_1_4' title="bbox 227 1128 2032 2068">
     <span class='ocr_line' id='line_1_10' title="bbox 343 1128 2031 1183; baseline -0.001 -11"><span class='ocrx_word' id='word_1_83' title='bbox 343 1134 428 1177; x_wconf 83' lang='lat' dir='ltr'>[Ib.]</span> <span class='ocrx_word' id='word_1_84' title='bbox 487 1128 615 1180; x_wconf 90' lang='lat' dir='ltr'>Item,</span> <span class='ocrx_word' id='word_1_85' title='bbox 650 1129 755 1183; x_wconf 92' lang='lat' dir='ltr'>quia</span> <span class='ocrx_word' id='word_1_86' title='bbox 798 1143 856 1170; x_wconf 85' lang='lat' dir='ltr'>ex</span> <span class='ocrx_word' id='word_1_87' title='bbox 896 1128 1140 1170; x_wconf 87' lang='lat' dir='ltr'>fundatoris</span> <span class='ocrx_word' id='word_1_88' title='bbox 1178 1129 1408 1171; x_wconf 89' lang='lat' dir='ltr'>voluntate</span> <span class='ocrx_word' id='word_1_89' title='bbox 1448 1130 1747 1171; x_wconf 87' lang='lat' dir='ltr'>ministrarent</span> <span class='ocrx_word' id='word_1_90' title='bbox 1787 1130 2031 1171; x_wconf 90' lang='lat' dir='ltr'>necessaria</span> 
     </span>
     <span class='ocr_line' id='line_1_11' title="bbox 227 1208 2030 1264; baseline 0 -13"><span class='ocrx_word' id='word_1_91' title='bbox 227 1209 422 1251; x_wconf 91' lang='lat' dir='ltr'>subsidia</span> <span class='ocrx_word' id='word_1_92' title='bbox 462 1208 771 1263; x_wconf 87' lang='lat' dir='ltr'>indigentibus,</span> <span class='ocrx_word' id='word_1_93' title='bbox 810 1214 1023 1263; x_wconf 90' lang='lat' dir='ltr'>tanquam</span> <span class='ocrx_word' id='word_1_94' title='bbox 1063 1210 1388 1264; x_wconf 87' lang='lat' dir='ltr'>dispensatores</span> <span class='ocrx_word' id='word_1_95' title='bbox 1431 1210 1649 1251; x_wconf 90' lang='lat' dir='ltr'>bonorum</span> <span class='ocrx_word' id='word_1_96' title='bbox 1690 1212 2030 1252; x_wconf 89' lang='lat' dir='ltr'>mundanorum.</span> 
     </span>
     <span class='ocr_line' id='line_1_12' title="bbox 228 1288 2032 1344; baseline 0.001 -13"><span class='ocrx_word' id='word_1_97' title='bbox 228 1289 359 1341; x_wconf 91' lang='lat' dir='ltr'>Item,</span> <span class='ocrx_word' id='word_1_98' title='bbox 397 1295 502 1331; x_wconf 90' lang='lat' dir='ltr'>sunt</span> <span class='ocrx_word' id='word_1_99' title='bbox 542 1288 832 1330; x_wconf 84' lang='lat' dir='ltr'>elemosinarii</span> <span class='ocrx_word' id='word_1_100' title='bbox 872 1289 1248 1343; x_wconf 89' lang='lat' dir='ltr'>parochianorum,</span> <span class='ocrx_word' id='word_1_101' title='bbox 1288 1298 1333 1332; x_wconf 90' lang='lat' dir='ltr'>et</span> <span class='ocrx_word' id='word_1_102' title='bbox 1372 1304 1549 1332; x_wconf 89' lang='lat' dir='ltr'>suorum</span> <span class='ocrx_word' id='word_1_103' title='bbox 1590 1290 1888 1342; x_wconf 88' lang='lat' dir='ltr'>fundatorum,</span> <span class='ocrx_word' id='word_1_104' title='bbox 1929 1292 2032 1344; x_wconf 89' lang='lat' dir='ltr'>quia</span> 
     </span>
     <span class='ocr_line' id='line_1_13' title="bbox 228 1369 2031 1425; baseline 0.001 -13"><span class='ocrx_word' id='word_1_105' title='bbox 228 1383 317 1412; x_wconf 90' lang='lat' dir='ltr'>non</span> <span class='ocrx_word' id='word_1_106' title='bbox 347 1369 595 1411; x_wconf 91' lang='lat' dir='ltr'>habuerunt</span> <span class='ocrx_word' id='word_1_107' title='bbox 625 1369 710 1411; x_wconf 87' lang='lat' dir='ltr'>ista</span> <span class='ocrx_word' id='word_1_108' title='bbox 741 1383 799 1410; x_wconf 85' lang='lat' dir='ltr'>ex</span> <span class='ocrx_word' id='word_1_109' title='bbox 823 1369 921 1423; x_wconf 86' lang='lat' dir='ltr'>jure</span> <span class='ocrx_word' id='word_1_110' title='bbox 951 1371 1184 1421; x_wconf 91' lang='lat' dir='ltr'>communi,</span> <span class='ocrx_word' id='word_1_111' title='bbox 1216 1385 1296 1413; x_wconf 91' lang='lat' dir='ltr'>nec</span> <span class='ocrx_word' id='word_1_112' title='bbox 1326 1385 1386 1413; x_wconf 86' lang='lat' dir='ltr'>ex</span> <span class='ocrx_word' id='word_1_113' title='bbox 1412 1371 1510 1425; x_wconf 90' lang='lat' dir='ltr'>jure</span> <span class='ocrx_word' id='word_1_114' title='bbox 1540 1371 1830 1422; x_wconf 71' lang='lat' dir='ltr'>haereditario,</span> <span class='ocrx_word' id='word_1_115' title='bbox 1860 1373 1938 1413; x_wconf 91' lang='lat' dir='ltr'>sed</span> <span class='ocrx_word' id='word_1_116' title='bbox 1972 1386 2031 1413; x_wconf 89' lang='lat' dir='ltr'>ex</span> 
     </span>
     <span class='ocr_line' id='line_1_14' title="bbox 229 1450 2031 1506; baseline 0.001 -15"><span class='ocrx_word' id='word_1_117' title='bbox 229 1450 469 1492; x_wconf 90' lang='lat' dir='ltr'>donatione</span> <span class='ocrx_word' id='word_1_118' title='bbox 502 1463 665 1500; x_wconf 89' lang='lat' dir='ltr'>eorum,</span> <span class='ocrx_word' id='word_1_119' title='bbox 697 1450 771 1503; x_wconf 91' lang='lat' dir='ltr'>qui</span> <span class='ocrx_word' id='word_1_120' title='bbox 804 1450 921 1492; x_wconf 91' lang='lat' dir='ltr'>bona</span> <span class='ocrx_word' id='word_1_121' title='bbox 951 1451 1026 1492; x_wconf 90' lang='lat' dir='ltr'>illa</span> <span class='ocrx_word' id='word_1_122' title='bbox 1061 1452 1279 1493; x_wconf 90' lang='lat' dir='ltr'>dederunt</span> <span class='ocrx_word' id='word_1_123' title='bbox 1309 1451 1395 1492; x_wconf 91' lang='lat' dir='ltr'>illis</span> <span class='ocrx_word' id='word_1_124' title='bbox 1429 1452 1473 1492; x_wconf 88' lang='lat' dir='ltr'>in</span> <span class='ocrx_word' id='word_1_125' title='bbox 1505 1466 1660 1505; x_wconf 87' lang='lat' dir='ltr'>puram</span> <span class='ocrx_word' id='word_1_126' title='bbox 1692 1459 1736 1493; x_wconf 92' lang='lat' dir='ltr'>et</span> <span class='ocrx_word' id='word_1_127' title='bbox 1772 1459 2031 1506; x_wconf 91' lang='lat' dir='ltr'>perpetuam</span> 
     </span>
     <span class='ocr_line' id='line_1_15' title="bbox 229 1529 2031 1588; baseline 0.001 -16"><span class='ocrx_word' id='word_1_128' title='bbox 229 1530 528 1572; x_wconf 88' lang='lat' dir='ltr'>elemosinam.</span> <span class='ocrx_word' id='word_1_129' title='bbox 584 1529 682 1572; x_wconf 84' lang='lat' dir='ltr'>Sed</span> <span class='ocrx_word' id='word_1_130' title='bbox 714 1530 904 1573; x_wconf 90' lang='lat' dir='ltr'>Sanctus</span> <span class='ocrx_word' id='word_1_131' title='bbox 936 1531 1070 1582; x_wconf 90' lang='lat' dir='ltr'>Beda,</span> <span class='ocrx_word' id='word_1_132' title='bbox 1102 1532 1146 1572; x_wconf 91' lang='lat' dir='ltr'>in</span> <span class='ocrx_word' id='word_1_133' title='bbox 1175 1532 1379 1586; x_wconf 88' lang='lat' dir='ltr'>Epistola</span> <span class='ocrx_word' id='word_1_134' title='bbox 1409 1533 1467 1574; x_wconf 92' lang='lat' dir='ltr'>ad</span> <span class='ocrx_word' id='word_1_135' title='bbox 1499 1532 1747 1586; x_wconf 87' lang='lat' dir='ltr'>Egbertutn</span> <span class='ocrx_word' id='word_1_136' title='bbox 1776 1533 2031 1588; x_wconf 89' lang='lat' dir='ltr'>episcopum</span> 
     </span>
     <span class='ocr_line' id='line_1_16' title="bbox 227 1610 2032 1666; baseline 0.002 -14"><span class='ocrx_word' id='word_1_137' title='bbox 227 1610 439 1662; x_wconf 86' lang='lat' dir='ltr'>hortatur,</span> <span class='ocrx_word' id='word_1_138' title='bbox 471 1617 522 1653; x_wconf 90' lang='lat' dir='ltr'>ut</span> <span class='ocrx_word' id='word_1_139' title='bbox 556 1624 637 1652; x_wconf 86' lang='lat' dir='ltr'>rex</span> <span class='ocrx_word' id='word_1_140' title='bbox 672 1624 753 1665; x_wconf 91' lang='lat' dir='ltr'>per</span> <span class='ocrx_word' id='word_1_141' title='bbox 786 1612 1042 1654; x_wconf 89' lang='lat' dir='ltr'>instantiam</span> <span class='ocrx_word' id='word_1_142' title='bbox 1075 1612 1268 1666; x_wconf 90' lang='lat' dir='ltr'>episcopi</span> <span class='ocrx_word' id='word_1_143' title='bbox 1305 1612 1370 1653; x_wconf 90' lang='lat' dir='ltr'>sui</span> <span class='ocrx_word' id='word_1_144' title='bbox 1400 1612 1560 1662; x_wconf 90' lang='lat' dir='ltr'>videat,</span> <span class='ocrx_word' id='word_1_145' title='bbox 1591 1613 1710 1666; x_wconf 93' lang='lat' dir='ltr'>quod</span> <span class='ocrx_word' id='word_1_146' title='bbox 1747 1613 1918 1655; x_wconf 88' lang='lat' dir='ltr'>dotatio</span> <span class='ocrx_word' id='word_1_147' title='bbox 1953 1615 2032 1656; x_wconf 92' lang='lat' dir='ltr'>do-</span> 
     </span>
     <span class='ocr_line' id='line_1_17' title="bbox 229 1690 2032 1746; baseline 0.002 -14"><span class='ocrx_word' id='word_1_148' title='bbox 229 1704 402 1733; x_wconf 89' lang='lat' dir='ltr'>morum</span> <span class='ocrx_word' id='word_1_149' title='bbox 432 1690 735 1745; x_wconf 87' lang='lat' dir='ltr'>religiosarum</span> <span class='ocrx_word' id='word_1_150' title='bbox 770 1692 828 1734; x_wconf 89' lang='lat' dir='ltr'>sit</span> <span class='ocrx_word' id='word_1_151' title='bbox 868 1693 930 1734; x_wconf 87' lang='lat' dir='ltr'>ita</span> <span class='ocrx_word' id='word_1_152' title='bbox 966 1698 1230 1742; x_wconf 90' lang='lat' dir='ltr'>mensurata,</span> <span class='ocrx_word' id='word_1_153' title='bbox 1268 1693 1386 1746; x_wconf 94' lang='lat' dir='ltr'>quod</span> <span class='ocrx_word' id='word_1_154' title='bbox 1420 1693 1639 1735; x_wconf 88' lang='lat' dir='ltr'>sufficiant</span> <span class='ocrx_word' id='word_1_155' title='bbox 1673 1700 1800 1735; x_wconf 85' lang='lat' dir='ltr'>terrae</span> <span class='ocrx_word' id='word_1_156' title='bbox 1831 1700 1876 1735; x_wconf 90' lang='lat' dir='ltr'>et</span> <span class='ocrx_word' id='word_1_157' title='bbox 1908 1701 2032 1736; x_wconf 89' lang='lat' dir='ltr'>tene-</span> 
     </span>
     <span class='ocr_line' id='line_1_18' title="bbox 229 1771 2032 1826; baseline 0.002 -14"><span class='ocrx_word' id='word_1_158' title='bbox 229 1777 381 1814; x_wconf 89' lang='lat' dir='ltr'>menta</span> <span class='ocrx_word' id='word_1_159' title='bbox 420 1785 499 1826; x_wconf 88' lang='lat' dir='ltr'>pro</span> <span class='ocrx_word' id='word_1_160' title='bbox 542 1771 754 1813; x_wconf 89' lang='lat' dir='ltr'>militibus</span> <span class='ocrx_word' id='word_1_161' title='bbox 798 1779 842 1814; x_wconf 87' lang='lat' dir='ltr'>et</span> <span class='ocrx_word' id='word_1_162' title='bbox 884 1773 981 1814; x_wconf 88' lang='lat' dir='ltr'>aliis</span> <span class='ocrx_word' id='word_1_163' title='bbox 1020 1773 1288 1814; x_wconf 89' lang='lat' dir='ltr'>secularibus</span> <span class='ocrx_word' id='word_1_164' title='bbox 1333 1774 1407 1826; x_wconf 89' lang='lat' dir='ltr'>qui</span> <span class='ocrx_word' id='word_1_165' title='bbox 1450 1779 1589 1814; x_wconf 89' lang='lat' dir='ltr'>terras</span> <span class='ocrx_word' id='word_1_166' title='bbox 1633 1773 1942 1823; x_wconf 88' lang='lat' dir='ltr'>inhabitarent,</span> <span class='ocrx_word' id='word_1_167' title='bbox 1987 1781 2032 1817; x_wconf 91' lang='lat' dir='ltr'>et</span> 
     </span>
     <span class='ocr_line' id='line_1_19' title="bbox 228 1851 2031 1906; baseline 0.002 -13"><span class='ocrx_word' id='word_1_168' title='bbox 228 1851 305 1906; x_wconf 89' lang='lat' dir='ltr'>qui</span> <span class='ocrx_word' id='word_1_169' title='bbox 338 1865 523 1906; x_wconf 86' lang='lat' dir='ltr'>regnum</span> <span class='ocrx_word' id='word_1_170' title='bbox 557 1852 615 1894; x_wconf 86' lang='lat' dir='ltr'>ad</span> <span class='ocrx_word' id='word_1_171' title='bbox 655 1852 841 1895; x_wconf 88' lang='lat' dir='ltr'>inimicis</span> <span class='ocrx_word' id='word_1_172' title='bbox 877 1853 1179 1895; x_wconf 88' lang='lat' dir='ltr'>defenderent.</span> <span class='ocrx_word' id='word_1_173' title='bbox 1251 1851 1342 1894; x_wconf 90' lang='lat' dir='ltr'>Sed</span> <span class='ocrx_word' id='word_1_174' title='bbox 1382 1859 1489 1895; x_wconf 91' lang='lat' dir='ltr'>tunc</span> <span class='ocrx_word' id='word_1_175' title='bbox 1516 1854 1700 1895; x_wconf 89' lang='lat' dir='ltr'>‘domus</span> <span class='ocrx_word' id='word_1_176' title='bbox 1738 1855 1948 1896; x_wconf 89' lang='lat' dir='ltr'>orationis</span> <span class='ocrx_word' id='word_1_177' title='bbox 1988 1856 2031 1896; x_wconf 89' lang='lat' dir='ltr'>in</span> 
     </span>
     <span class='ocr_line' id='line_1_20' title="bbox 230 1931 2031 1988; baseline 0.002 -16"><span class='ocrx_word' id='word_1_178' title='bbox 230 1931 439 1985; x_wconf 90' lang='lat' dir='ltr'>spelunco</span> <span class='ocrx_word' id='word_1_179' title='bbox 468 1931 688 1974; x_wconf 88' lang='lat' dir='ltr'>latronum</span> <span class='ocrx_word' id='word_1_180' title='bbox 717 1933 924 1985; x_wconf 83' lang='lat' dir='ltr'>vertitur,’</span> <span class='ocrx_word' id='word_1_181' title='bbox 954 1948 1091 1987; x_wconf 91' lang='lat' dir='ltr'>quum</span> <span class='ocrx_word' id='word_1_182' title='bbox 1121 1933 1208 1975; x_wconf 90' lang='lat' dir='ltr'>vile</span> <span class='ocrx_word' id='word_1_183' title='bbox 1238 1933 1478 1987; x_wconf 90' lang='lat' dir='ltr'>palliolum,</span> <span class='ocrx_word' id='word_1_184' title='bbox 1514 1934 1540 1974; x_wconf 93' lang='lat' dir='ltr'>i.</span> <span class='ocrx_word' id='word_1_185' title='bbox 1559 1948 1595 1976; x_wconf 89' lang='lat' dir='ltr'>e.</span> <span class='ocrx_word' id='word_1_186' title='bbox 1629 1934 1818 1988; x_wconf 84' lang='lat' dir='ltr'>religiosi</span> <span class='ocrx_word' id='word_1_187' title='bbox 1850 1935 1893 1976; x_wconf 93' lang='lat' dir='ltr'>in</span> <span class='ocrx_word' id='word_1_188' title='bbox 1927 1937 2031 1976; x_wconf 86' lang='lat' dir='ltr'>sim-</span> 
     </span>
     <span class='ocr_line' id='line_1_21' title="bbox 230 2011 1120 2068; baseline 0.003 -16"><span class='ocrx_word' id='word_1_189' title='bbox 230 2011 333 2065; x_wconf 92' lang='lat' dir='ltr'>plici</span> <span class='ocrx_word' id='word_1_190' title='bbox 362 2011 527 2061; x_wconf 88' lang='lat' dir='ltr'>habitu,</span> <span class='ocrx_word' id='word_1_191' title='bbox 558 2013 787 2066; x_wconf 88' lang='lat' dir='ltr'>possident</span> <span class='ocrx_word' id='word_1_192' title='bbox 818 2027 968 2067; x_wconf 86' lang='lat' dir='ltr'>regum</span> <span class='ocrx_word' id='word_1_193' title='bbox 1000 2028 1120 2068; x_wconf 90' lang='lat' dir='ltr'>opes.</span> 
     </span>
    </p>

    <p class='ocr_par' dir='ltr' id='par_1_5' title="bbox 230 2091 2031 2949">
     <span class='ocr_line' id='line_1_22' title="bbox 347 2091 2031 2148; baseline 0.002 -16"><span class='ocrx_word' id='word_1_194' title='bbox 347 2091 436 2145; x_wconf 81' lang='lat' dir='ltr'>Qui</span> <span class='ocrx_word' id='word_1_195' title='bbox 466 2093 582 2134; x_wconf 89' lang='lat' dir='ltr'>enim</span> <span class='ocrx_word' id='word_1_196' title='bbox 612 2093 838 2135; x_wconf 89' lang='lat' dir='ltr'>licenciam</span> <span class='ocrx_word' id='word_1_197' title='bbox 869 2094 1003 2135; x_wconf 92' lang='lat' dir='ltr'>habet</span> <span class='ocrx_word' id='word_1_198' title='bbox 1034 2108 1109 2135; x_wconf 91' lang='lat' dir='ltr'>seu</span> <span class='ocrx_word' id='word_1_199' title='bbox 1141 2094 1520 2148; x_wconf 89' lang='lat' dir='ltr'>dispensacionem</span> <span class='ocrx_word' id='word_1_200' title='bbox 1548 2095 1728 2145; x_wconf 90' lang='lat' dir='ltr'>videret,</span> <span class='ocrx_word' id='word_1_201' title='bbox 1752 2109 1807 2136; x_wconf 90' lang='lat' dir='ltr'>ne</span> <span class='ocrx_word' id='word_1_202' title='bbox 1838 2095 2031 2136; x_wconf 80' lang='lat' dir='ltr'>licenciae</span> 
     </span>
     <span class='ocr_line' id='line_1_23' title="bbox 232 2173 2029 2229; baseline 0.002 -17"><span class='ocrx_word' id='word_1_203' title='bbox 232 2185 324 2213; x_wconf 87' lang='lat' dir='ltr'>suae</span> <span class='ocrx_word' id='word_1_204' title='bbox 351 2185 455 2213; x_wconf 87' lang='lat' dir='ltr'>usus</span> <span class='ocrx_word' id='word_1_205' title='bbox 480 2173 550 2214; x_wconf 91' lang='lat' dir='ltr'>vel</span> <span class='ocrx_word' id='word_1_206' title='bbox 577 2174 738 2215; x_wconf 90' lang='lat' dir='ltr'>abusus</span> <span class='ocrx_word' id='word_1_207' title='bbox 762 2175 819 2216; x_wconf 91' lang='lat' dir='ltr'>sit</span> <span class='ocrx_word' id='word_1_208' title='bbox 843 2174 965 2216; x_wconf 84' lang='lat' dir='ltr'>laesio</span> <span class='ocrx_word' id='word_1_209' title='bbox 989 2175 1057 2215; x_wconf 90' lang='lat' dir='ltr'>vel</span> <span class='ocrx_word' id='word_1_210' title='bbox 1087 2188 1217 2216; x_wconf 92' lang='lat' dir='ltr'>causa</span> <span class='ocrx_word' id='word_1_211' title='bbox 1244 2175 1380 2216; x_wconf 85' lang='lat' dir='ltr'>ruinae</span> <span class='ocrx_word' id='word_1_212' title='bbox 1408 2175 1452 2215; x_wconf 91' lang='lat' dir='ltr'>in</span> <span class='ocrx_word' id='word_1_213' title='bbox 1478 2181 1713 2229; x_wconf 89' lang='lat' dir='ltr'>peccatum</span> <span class='ocrx_word' id='word_1_214' title='bbox 1742 2176 1823 2215; x_wconf 90' lang='lat' dir='ltr'>sibi</span> <span class='ocrx_word' id='word_1_215' title='bbox 1856 2176 1938 2228; x_wconf 87' lang='lat' dir='ltr'>ipsi</span> <span class='ocrx_word' id='word_1_216' title='bbox 1959 2176 2029 2216; x_wconf 89' lang='lat' dir='ltr'>vel</span> 
     </span>
     <span class='ocr_line' id='line_1_24' title="bbox 230 2251 2030 2302; baseline 0.001 -9"><span class='ocrx_word' id='word_1_217' title='bbox 230 2251 340 2302; x_wconf 87' lang='lat' dir='ltr'>aliis,</span> <span class='ocrx_word' id='word_1_218' title='bbox 373 2251 486 2294; x_wconf 88' lang='lat' dir='ltr'>sicut</span> <span class='ocrx_word' id='word_1_219' title='bbox 524 2252 738 2296; x_wconf 89' lang='lat' dir='ltr'>habentes</span> <span class='ocrx_word' id='word_1_220' title='bbox 780 2254 1004 2296; x_wconf 90' lang='lat' dir='ltr'>licentiam</span> <span class='ocrx_word' id='word_1_221' title='bbox 1045 2268 1134 2295; x_wconf 92' lang='lat' dir='ltr'>non</span> <span class='ocrx_word' id='word_1_222' title='bbox 1175 2255 1390 2296; x_wconf 90' lang='lat' dir='ltr'>residendi</span> <span class='ocrx_word' id='word_1_223' title='bbox 1432 2257 1476 2296; x_wconf 93' lang='lat' dir='ltr'>in</span> <span class='ocrx_word' id='word_1_224' title='bbox 1517 2256 1629 2297; x_wconf 90' lang='lat' dir='ltr'>curis</span> <span class='ocrx_word' id='word_1_225' title='bbox 1665 2256 1754 2296; x_wconf 88' lang='lat' dir='ltr'>suis</span> <span class='ocrx_word' id='word_1_226' title='bbox 1795 2261 1839 2295; x_wconf 90' lang='lat' dir='ltr'>et</span> <span class='ocrx_word' id='word_1_227' title='bbox 1878 2256 2030 2296; x_wconf 87' lang='lat' dir='ltr'>officiis</span> 
     </span>
     <span class='ocr_line' id='line_1_25' title="bbox 230 2330 2030 2388; baseline 0.002 -15"><span class='ocrx_word' id='word_1_228' title='bbox 230 2336 391 2373; x_wconf 86' lang='lat' dir='ltr'>vacant</span> <span class='ocrx_word' id='word_1_229' title='bbox 420 2330 586 2374; x_wconf 90' lang='lat' dir='ltr'>deliciis</span> <span class='ocrx_word' id='word_1_230' title='bbox 614 2333 704 2374; x_wconf 90' lang='lat' dir='ltr'>suis</span> <span class='ocrx_word' id='word_1_231' title='bbox 734 2334 779 2375; x_wconf 92' lang='lat' dir='ltr'>in</span> <span class='ocrx_word' id='word_1_232' title='bbox 809 2348 963 2388; x_wconf 90' lang='lat' dir='ltr'>regum</span> <span class='ocrx_word' id='word_1_233' title='bbox 995 2334 1200 2376; x_wconf 92' lang='lat' dir='ltr'>domibus</span> <span class='ocrx_word' id='word_1_234' title='bbox 1231 2340 1277 2376; x_wconf 89' lang='lat' dir='ltr'>et</span> <span class='ocrx_word' id='word_1_235' title='bbox 1307 2335 1586 2376; x_wconf 89' lang='lat' dir='ltr'>dominorum</span> <span class='ocrx_word' id='word_1_236' title='bbox 1618 2335 1952 2384; x_wconf 90' lang='lat' dir='ltr'>mundanorum,</span> <span class='ocrx_word' id='word_1_237' title='bbox 1986 2340 2030 2376; x_wconf 85' lang='lat' dir='ltr'>et</span> 
     </span>
     <span class='ocr_line' id='line_1_26' title="bbox 230 2411 2030 2466; baseline 0.003 -15"><span class='ocrx_word' id='word_1_238' title='bbox 230 2411 470 2453; x_wconf 89' lang='lat' dir='ltr'>honoribus</span> <span class='ocrx_word' id='word_1_239' title='bbox 506 2413 738 2455; x_wconf 90' lang='lat' dir='ltr'>mundanis</span> <span class='ocrx_word' id='word_1_240' title='bbox 766 2421 952 2464; x_wconf 90' lang='lat' dir='ltr'>tument,</span> <span class='ocrx_word' id='word_1_241' title='bbox 985 2422 1030 2457; x_wconf 91' lang='lat' dir='ltr'>et</span> <span class='ocrx_word' id='word_1_242' title='bbox 1060 2415 1142 2456; x_wconf 93' lang='lat' dir='ltr'>sibi</span> <span class='ocrx_word' id='word_1_243' title='bbox 1182 2421 1442 2457; x_wconf 86' lang='lat' dir='ltr'>coacervant</span> <span class='ocrx_word' id='word_1_244' title='bbox 1473 2415 1689 2466; x_wconf 87' lang='lat' dir='ltr'>ecclesias,</span> <span class='ocrx_word' id='word_1_245' title='bbox 1721 2422 1765 2456; x_wconf 90' lang='lat' dir='ltr'>et</span> <span class='ocrx_word' id='word_1_246' title='bbox 1801 2414 1954 2465; x_wconf 86' lang='lat' dir='ltr'>officia,</span> <span class='ocrx_word' id='word_1_247' title='bbox 1985 2421 2030 2456; x_wconf 93' lang='lat' dir='ltr'>et</span> 
     </span>
     <span class='ocr_line' id='line_1_27' title="bbox 232 2490 2031 2549; baseline 0.002 -18"><span class='ocrx_word' id='word_1_248' title='bbox 232 2490 442 2533; x_wconf 87' lang='lat' dir='ltr'>anhelant</span> <span class='ocrx_word' id='word_1_249' title='bbox 470 2491 528 2533; x_wconf 91' lang='lat' dir='ltr'>ad</span> <span class='ocrx_word' id='word_1_250' title='bbox 555 2497 601 2534; x_wconf 89' lang='lat' dir='ltr'>et</span> <span class='ocrx_word' id='word_1_251' title='bbox 630 2494 920 2549; x_wconf 88' lang='lat' dir='ltr'>episcopatus,</span> <span class='ocrx_word' id='word_1_252' title='bbox 950 2502 995 2536; x_wconf 89' lang='lat' dir='ltr'>et</span> <span class='ocrx_word' id='word_1_253' title='bbox 1025 2496 1082 2536; x_wconf 90' lang='lat' dir='ltr'>ad</span> <span class='ocrx_word' id='word_1_254' title='bbox 1113 2495 1270 2536; x_wconf 89' lang='lat' dir='ltr'>altiora</span> <span class='ocrx_word' id='word_1_255' title='bbox 1300 2508 1434 2549; x_wconf 92' lang='lat' dir='ltr'>quam</span> <span class='ocrx_word' id='word_1_256' title='bbox 1466 2494 1644 2546; x_wconf 90' lang='lat' dir='ltr'>habent,</span> <span class='ocrx_word' id='word_1_257' title='bbox 1671 2501 1715 2535; x_wconf 91' lang='lat' dir='ltr'>et</span> <span class='ocrx_word' id='word_1_258' title='bbox 1747 2493 2031 2535; x_wconf 89' lang='lat' dir='ltr'>consimiliter</span> 
     </span>
     <span class='ocr_line' id='line_1_28' title="bbox 232 2570 2030 2630; baseline 0.002 -18"><span class='ocrx_word' id='word_1_259' title='bbox 232 2570 448 2613; x_wconf 88' lang='lat' dir='ltr'>habentes</span> <span class='ocrx_word' id='word_1_260' title='bbox 481 2570 686 2614; x_wconf 90' lang='lat' dir='ltr'>ecclesias</span> <span class='ocrx_word' id='word_1_261' title='bbox 713 2575 1018 2630; x_wconf 89' lang='lat' dir='ltr'>appropriatas</span> <span class='ocrx_word' id='word_1_262' title='bbox 1048 2589 1107 2617; x_wconf 86' lang='lat' dir='ltr'>ex</span> <span class='ocrx_word' id='word_1_263' title='bbox 1137 2575 1316 2616; x_wconf 91' lang='lat' dir='ltr'>licentia</span> <span class='ocrx_word' id='word_1_264' title='bbox 1351 2575 1647 2628; x_wconf 88' lang='lat' dir='ltr'>multiplicant</span> <span class='ocrx_word' id='word_1_265' title='bbox 1678 2574 1759 2614; x_wconf 89' lang='lat' dir='ltr'>sibi</span> <span class='ocrx_word' id='word_1_266' title='bbox 1790 2573 1916 2626; x_wconf 88' lang='lat' dir='ltr'>plura</span> <span class='ocrx_word' id='word_1_267' title='bbox 1946 2574 2030 2615; x_wconf 91' lang='lat' dir='ltr'>fer-</span> 
     </span>
     <span class='ocr_line' id='line_1_29' title="bbox 233 2650 2031 2706; baseline 0.002 -13"><span class='ocrx_word' id='word_1_268' title='bbox 233 2650 343 2702; x_wconf 91' lang='lat' dir='ltr'>cula,</span> <span class='ocrx_word' id='word_1_269' title='bbox 364 2657 409 2692; x_wconf 87' lang='lat' dir='ltr'>et</span> <span class='ocrx_word' id='word_1_270' title='bbox 435 2657 615 2693; x_wconf 82' lang='lat' dir='ltr'>ornatus</span> <span class='ocrx_word' id='word_1_271' title='bbox 644 2653 896 2706; x_wconf 84' lang='lat' dir='ltr'>superfluos,</span> <span class='ocrx_word' id='word_1_272' title='bbox 930 2661 975 2697; x_wconf 89' lang='lat' dir='ltr'>et</span> <span class='ocrx_word' id='word_1_273' title='bbox 1005 2654 1201 2697; x_wconf 87' lang='lat' dir='ltr'>convivia</span> <span class='ocrx_word' id='word_1_274' title='bbox 1230 2654 1520 2706; x_wconf 89' lang='lat' dir='ltr'>dominorum,</span> <span class='ocrx_word' id='word_1_275' title='bbox 1549 2661 1594 2696; x_wconf 91' lang='lat' dir='ltr'>et</span> <span class='ocrx_word' id='word_1_276' title='bbox 1630 2654 1746 2694; x_wconf 90' lang='lat' dir='ltr'>dona</span> <span class='ocrx_word' id='word_1_277' title='bbox 1776 2653 1955 2704; x_wconf 89' lang='lat' dir='ltr'>eisdem,</span> <span class='ocrx_word' id='word_1_278' title='bbox 1985 2661 2031 2696; x_wconf 86' lang='lat' dir='ltr'>et</span> 
     </span>
     <span class='ocr_line' id='line_1_30' title="bbox 234 2730 2030 2789; baseline 0.003 -18"><span class='ocrx_word' id='word_1_279' title='bbox 234 2730 454 2785; x_wconf 86' lang='lat' dir='ltr'>parochiae</span> <span class='ocrx_word' id='word_1_280' title='bbox 487 2730 768 2774; x_wconf 83' lang='lat' dir='ltr'>ecclesiarum</span> <span class='ocrx_word' id='word_1_281' title='bbox 803 2734 866 2776; x_wconf 89' lang='lat' dir='ltr'>eis</span> <span class='ocrx_word' id='word_1_282' title='bbox 898 2735 1279 2789; x_wconf 88' lang='lat' dir='ltr'>approprietarum</span> <span class='ocrx_word' id='word_1_283' title='bbox 1310 2740 1507 2789; x_wconf 90' lang='lat' dir='ltr'>pereunt,</span> <span class='ocrx_word' id='word_1_284' title='bbox 1538 2740 1582 2775; x_wconf 91' lang='lat' dir='ltr'>et</span> <span class='ocrx_word' id='word_1_285' title='bbox 1614 2740 1738 2774; x_wconf 85' lang='lat' dir='ltr'>tanta</span> <span class='ocrx_word' id='word_1_286' title='bbox 1769 2734 2030 2786; x_wconf 88' lang='lat' dir='ltr'>expendunt</span> 
     </span>
     <span class='ocr_line' id='line_1_31' title="bbox 234 2810 2029 2869; baseline 0.002 -17"><span class='ocrx_word' id='word_1_287' title='bbox 234 2811 280 2852; x_wconf 90' lang='lat' dir='ltr'>in</span> <span class='ocrx_word' id='word_1_288' title='bbox 305 2810 441 2861; x_wconf 91' lang='lat' dir='ltr'>vanis,</span> <span class='ocrx_word' id='word_1_289' title='bbox 462 2811 566 2865; x_wconf 90' lang='lat' dir='ltr'>quia</span> <span class='ocrx_word' id='word_1_290' title='bbox 597 2824 686 2853; x_wconf 92' lang='lat' dir='ltr'>non</span> <span class='ocrx_word' id='word_1_291' title='bbox 713 2816 897 2866; x_wconf 82' lang='lat' dir='ltr'>possunt</span> <span class='ocrx_word' id='word_1_292' title='bbox 922 2816 1188 2857; x_wconf 88' lang='lat' dir='ltr'>sufficienter</span> <span class='ocrx_word' id='word_1_293' title='bbox 1216 2814 1423 2869; x_wconf 88' lang='lat' dir='ltr'>perficere</span> <span class='ocrx_word' id='word_1_294' title='bbox 1451 2829 1504 2856; x_wconf 88' lang='lat' dir='ltr'>ea</span> <span class='ocrx_word' id='word_1_295' title='bbox 1530 2827 1629 2867; x_wconf 84' lang='lat' dir='ltr'>quae</span> <span class='ocrx_word' id='word_1_296' title='bbox 1657 2812 1862 2863; x_wconf 85' lang='lat' dir='ltr'>facerent,</span> <span class='ocrx_word' id='word_1_297' title='bbox 1883 2820 1927 2855; x_wconf 92' lang='lat' dir='ltr'>et</span> <span class='ocrx_word' id='word_1_298' title='bbox 1954 2814 2029 2856; x_wconf 88' lang='lat' dir='ltr'>illa</span> 
     </span>
     <span class='ocr_line' id='line_1_32' title="bbox 234 2890 1867 2949; baseline 0.002 -18"><span class='ocrx_word' id='word_1_299' title='bbox 234 2903 335 2943; x_wconf 86' lang='lat' dir='ltr'>quae</span> <span class='ocrx_word' id='word_1_300' title='bbox 370 2890 431 2932; x_wconf 89' lang='lat' dir='ltr'>sic</span> <span class='ocrx_word' id='word_1_301' title='bbox 467 2892 727 2945; x_wconf 85' lang='lat' dir='ltr'>expendunt</span> <span class='ocrx_word' id='word_1_302' title='bbox 757 2892 883 2946; x_wconf 90' lang='lat' dir='ltr'>plura</span> <span class='ocrx_word' id='word_1_303' title='bbox 913 2895 1031 2938; x_wconf 87' lang='lat' dir='ltr'>bona</span> <span class='ocrx_word' id='word_1_304' title='bbox 1063 2895 1155 2938; x_wconf 85' lang='lat' dir='ltr'>fieri</span> <span class='ocrx_word' id='word_1_305' title='bbox 1189 2901 1383 2949; x_wconf 91' lang='lat' dir='ltr'>possunt,</span> <span class='ocrx_word' id='word_1_306' title='bbox 1414 2908 1513 2949; x_wconf 86' lang='lat' dir='ltr'>quae</span> <span class='ocrx_word' id='word_1_307' title='bbox 1544 2893 1637 2946; x_wconf 86' lang='lat' dir='ltr'>jam</span> <span class='ocrx_word' id='word_1_308' title='bbox 1671 2900 1867 2945; x_wconf 89' lang='lat' dir='ltr'>pereunt.</span> 
     </span>
    </p>
   </div>
  </div>
 </body>
</html>
