2456 3210
508 213 588 251 104
1004 203 1135 239 LOCI
1169 204 1209 239 E
1247 204 1413 239 LIBRO
1460 203 1803 242 VERJTATUM.

504 355 648 390 erecto
678 347 816 390 crucis
851 347 894 388 in
926 347 1101 397 vexillo,
1134 353 1179 389 et
1209 361 1309 389 cum
1340 346 1472 388 armis
1502 346 1639 400 ipsius
1674 361 1802 401 papae
1836 346 2012 400 Calixti,
2043 349 2100 390 ad
2133 349 2301 391 denun-

504 429 709 470 ciandum
746 428 922 469 nomine
958 427 1157 481 ejusdem
1193 442 1321 482 papae
1357 427 1681 482 indulgenciam
1717 428 1858 482 culpae
1894 435 1939 470 et
1974 443 2119 483 poenae
2155 443 2302 471 coram

504 509 604 550 Deo
634 508 729 550 aliis
764 508 1014 550 hominibus
1044 509 1120 562 qui
1150 508 1298 550 debite
1334 514 1486 549 contra
1517 507 1685 550 Turcos
1719 522 1917 563 paganos
1952 509 2011 551 ad
2046 509 2300 551 bellandum

502 590 879 644 progrederentur,
907 588 977 630 vel
1009 602 1140 630 naves
1172 595 1215 630 et
1247 589 1453 642 pecunias
1484 594 1635 630 contra
1665 603 1740 630 eos
1770 597 2077 643 praepararent,
2107 589 2178 631 vel
2207 589 2302 632 haec

503 675 797 724 procurarent,
837 675 881 711 et
921 671 982 711 sic
1021 669 1179 723 plures,
1211 676 1258 711 ut
1295 670 1463 720 dicitur,
1496 683 1543 711 se
1580 669 1699 724 ipsos
1734 671 1791 711 ad
1827 670 1911 712 hoc
1947 677 2302 724 praeparaverunt

502 764 617 791 anno
643 750 823 791 Domini
853 754 946 790 mm⁰
967 754 1114 791 ccccm⁰
1135 749 1501 804 quinquagesimo
1530 757 1671 801 sexto,
1693 750 1736 791 in
1758 751 2092 804 computacione
2111 751 2302 805 Angliae,

503 831 658 872 eodem
690 830 854 872 scilicet
885 843 1001 871 anno
1031 831 1076 871 in
1098 844 1185 884 quo
1213 829 1458 872 Lumbardi
1490 830 1656 872 confusi
1687 837 1788 872 sunt
1820 836 1864 872 et
1895 831 2081 873 convicti
2112 837 2158 873 et
2182 845 2303 873 vere-

502 911 678 952 cundati
714 924 794 964 per
827 910 1043 964 Anglicos
1079 917 1183 952 tunc
1219 911 1460 952 existentes
1500 911 1545 952 in
1581 910 1684 952 villa
1720 911 1878 965 Burgae
1915 911 1958 952 in
1995 911 2214 962 Flandria,
2249 926 2302 954 eo

499 993 620 1045 quod
647 991 728 1045 ipsi
751 991 995 1033 Lumbardi
1018 991 1237 1043 dixerunt,
1259 992 1302 1033 in
1333 992 1490 1033 eadem
1517 990 1632 1042 villa,
1653 1005 1802 1045 regem
1823 991 2002 1045 Angliae
2028 998 2073 1034 et
2100 993 2302 1034 dominos

499 1079 545 1114 et
580 1078 842 1114 mercatores
877 1072 1057 1126 Angliae
1098 1087 1251 1114 omnes
1293 1087 1389 1114 esse
1429 1072 1573 1124 falsos,
1607 1072 1724 1113 unde
1758 1086 1838 1126 per
1872 1072 2065 1126 judicem
2100 1072 2216 1114 villae
2257 1080 2302 1116 et

499 1153 714 1207 Anglicos
749 1154 808 1194 ibi
843 1153 1085 1195 existentes
1120 1154 1245 1208 plura
1282 1154 1475 1208 perpessi
1506 1159 1618 1204 sunt,
1650 1159 1706 1204 et,
1738 1160 1786 1195 ut
1817 1153 2008 1195 creditur
2035 1167 2062 1195 a
2091 1153 2302 1208 pluribus,

500 1235 655 1276 merito
684 1241 829 1276 essent
858 1234 1109 1288 expellendi
1131 1235 1188 1276 ab
1210 1234 1390 1289 Anglia.
1451 1234 1742 1276 Marcimonia
1767 1234 1883 1276 enim
1904 1234 2155 1288 Angiorum
2177 1235 2301 1289 quasi

499 1314 556 1356 ad
587 1314 719 1356 nichil
750 1315 1044 1364 deduxerunt,
1073 1321 1117 1357 et
1142 1317 1337 1370 precium
1365 1329 1520 1367 rerum,
1541 1329 1650 1369 quas
1681 1315 1763 1369 ipsi
1795 1315 2037 1357 Lumbardi
2068 1317 2112 1357 in
2134 1315 2302 1371 Anglia

498 1396 705 1446 vendunt,
728 1396 1032 1438 exaltaverunt
1062 1397 1105 1438 in
1136 1396 1303 1451 Anglia
1333 1412 1360 1439 a
1387 1403 1577 1451 quatuor
1606 1396 1758 1438 solidis
1789 1411 1928 1451 usque
1958 1397 2015 1438 ad
2047 1397 2104 1451 iiij
2138 1398 2301 1440 nobilia

499 1474 763 1529 Anglorum.
801 1476 841 1518 O
865 1476 1047 1531 Anglia!
1077 1477 1261 1532 Anglia!
1295 1477 1336 1520 O
1359 1478 1395 1519 si
1417 1478 1612 1520 miserias
1633 1484 1731 1520 tuas
1754 1479 1951 1532 proprias
1975 1461 2301 1533 debite'pensa-

501 1569 580 1607 res,
601 1562 646 1597 et
673 1562 854 1609 peccata
881 1563 958 1598 tua
983 1559 1132 1600 debite
1160 1559 1401 1613 plangereS,
1431 1566 1481 1601 ut
1503 1558 1679 1600 veniam
1708 1572 1856 1600 coram
1878 1559 1977 1600 Deo
2005 1559 2241 1601 mererere!

616 1641 669 1685 [p.
704 1642 794 1685 522.]
845 1637 1008 1679 Utrum
1046 1639 1090 1680 in
1124 1640 1280 1681 eadem
1313 1639 1416 1681 fidei
1447 1638 1601 1689 forma,
1637 1639 1664 1680 i.
1679 1653 1716 1681 e.
1747 1639 1791 1680 in
1824 1639 2046 1682 autentico
2085 1639 2302 1694 symbolo,

499 1717 619 1770 quod
650 1716 837 1771 apostoli
867 1719 1152 1771 tradiderunt,
1174 1720 1257 1762 hoc
1289 1720 1500 1775 scriptum
1533 1719 1759 1774 legeritis?
1811 1720 1871 1762 Et
1901 1721 2018 1762 istud
2052 1727 2119 1763 est
2149 1727 2302 1763 contra

503 1796 799 1850 Reginaldum
836 1797 992 1850 Pecok,
1025 1800 1271 1851 Wallicum,
1308 1801 1393 1842 isto
1428 1814 1545 1842 anno
1584 1808 1690 1854 1457
1734 1800 2002 1842 existentem
2044 1801 2297 1855 episcopum

503 1876 831 1927 Cicestrensem‚
867 1892 944 1931 per
984 1880 1116 1921 istum
1151 1887 1308 1923 vocato
1341 1883 1350 1901 ‘
1372 1880 1618 1932 Provoker,’
1652 1880 1903 1935 symbolum
1939 1894 2172 1923 commune
2213 1895 2300 1923 non

500 1970 596 1998 esse
638 1957 937 2011 apostolorum
974 1959 1051 2000 Xti
1094 1962 1170 2002 sed
1213 1961 1430 2003 novellam
1462 1975 1556 2003 esse
1592 1961 1894 2003 invencionem
1925 1976 1952 2003 a
1983 1962 2104 2004 nullo
2144 1962 2299 2004 clerico
2360 1958 2370 1965 ”

500 2035 793 2079 allocandam.
859 2060 869 2108 Ῑ
2218 2040 2221 2046 ’

502 2102 577 2146 ¹5²²
616 2088 702 2166 fij
762 2118 809 2160 Si
846 2119 943 2172 quis
984 2126 1050 2162 est
1089 2121 1200 2173 talis,
1236 2122 1310 2176 qui
1352 2122 1485 2165 nichil
1524 2122 1619 2164 vult
1656 2124 1832 2165 credere
1872 2125 1990 2178 quod
2032 2137 2119 2165 non
2160 2123 2300 2178 possit

501 2198 746 2239 racionibus
779 2199 1046 2241 naturalibus
1078 2203 1274 2255 probare,
1300 2204 1419 2257 quod
1449 2209 1515 2245 est
1544 2217 1639 2245 esse
1667 2203 1911 2258 sapientem
1939 2205 1982 2246 in
2012 2203 2097 2246 hoc
2125 2203 2298 2255 saeculo,

499 2278 698 2320 dimittat
731 2278 845 2320 hanc
881 2280 1146 2333 sapienciam
1182 2289 1226 2324 et
1260 2283 1410 2325 credat
1445 2284 1706 2326 auctoritate
1738 2284 1880 2338 primo
1911 2284 2005 2326 sine
2034 2284 2219 2336 racione,
2250 2290 2301 2325 ut

499 2358 683 2400 tandem
713 2358 770 2400 sit
799 2358 984 2412 sapienS‚
1014 2374 1114 2402 vere
1145 2363 1366 2417 attingens
1392 2363 1449 2405 ad
1479 2364 1713 2405 scienciam
1747 2378 1898 2406 eorum
1925 2378 2025 2418 quae
2059 2378 2189 2418 supra
2223 2377 2300 2405 na-

499 2444 646 2480 turam
682 2444 796 2491 sunt,
827 2452 914 2480 non
950 2453 1028 2493 per
1062 2442 1416 2494 perturbaciones
1453 2444 1686 2496 naturales,
1721 2445 1799 2487 sed
1835 2458 1912 2499 per
1953 2444 2149 2486 raciones
2184 2443 2299 2486 ordi-

502 2519 656 2570 narias,
690 2532 792 2573 quae
828 2526 1074 2562 monstrant
1116 2522 1199 2563 Dei
1241 2524 1626 2578 omnipotenciam,
1658 2525 1936 2579 sapienciam,
1971 2531 2016 2567 et
2050 2523 2296 2566 bonitatem

500 2611 751 2653 congruere,
783 2606 832 2642 ut
861 2599 968 2642 talia
998 2599 1142 2643 faciat.
1204 2603 1315 2645 Haec
1349 2604 1553 2646 dominus
1585 2605 1772 2647 Lincoln
1801 2619 1933 2660 super
1963 2609 2139 2647 textum
2171 2603 2297 2659 Apo-

501 2679 603 2720 stoli
635 2678 759 2721 Pauli
790 2680 847 2723 ad
881 2679 981 2722 Cor.
1013 2687 1060 2736 30
1090 2686 1203 2735 cap0.
1911 2665 1917 2674 ⁸

618 2766 668 2808 [p.
692 2767 787 2810 525·]
846 2765 1180 2803 Fornieaeionis
1218 2767 1345 2811 signa
1385 2771 1462 2805 aut
1502 2771 1683 2808 motiva.
1744 2767 1845 2808 Noe·
1880 2765 2163 2808 maledictum
2202 2778 2296 2806 esse
