2456 3210
461 259 539 311 176
956 265 1090 301 LOCI
1123 265 1162 299 E
1200 266 1367 301 LIBRO
1413 267 1759 305 VERITATUM.

454 409 626 451 doctori
657 408 845 450 Thomae
877 408 1070 460 Eborall‚
1102 423 1154 451 ea
1185 410 1446 462 intencione,
1477 418 1527 453 ut
1558 412 1663 465 ipse,
1695 413 1845 466 apcior
1880 427 1950 455 me
1984 414 2041 456 ad
2077 415 2260 457 circum-

455 490 650 531 eundum
691 495 736 530 et
777 489 1105 543 praedicandum
1148 490 1192 531 in
1234 490 1396 531 diocesi
1438 491 1718 546 Eboracensi,
1759 494 1924 535 ibidem
1969 502 2166 538 maneret
2215 503 2261 539 et

454 571 723 625 praedicaret,
760 567 912 625 (quem
947 570 1173 612 doctorem
1208 577 1365 625 postea
1394 573 1580 615 retraxit
1607 574 1665 616 ab
1701 573 1776 616 illa
1803 588 1907 617 cura
1941 589 2021 630 per
2057 590 2158 618 eum
2192 590 2259 619 re-

454 657 584 705 cepta
620 651 775 692 doctor
811 650 1026 692 Ricardus
1069 651 1212 702 Frate,
1253 652 1485 706 episcopus
1527 643 1859 710 Cicestrien‘sis)
1901 655 2137 711 multiplex
2176 657 2259 698 im-

452 732 756 785 pedimentum
797 731 880 772 fuit
920 731 1041 785 quod
1091 745 1179 773 non
1219 732 1442 775 circumivi
1493 735 1776 788 praedicando
1817 735 2000 778 verbum
2049 737 2165 788 vitae,
2207 744 2285 780 ut·-

451 812 581 854 volui.
653 812 693 854 O
731 812 925 854 Domine
961 811 1094 865 Jesu!
1136 826 1267 867 parce
1300 814 1344 855 in
1385 815 1652 857 remittendo
1693 830 1792 870 quae
1835 817 1985 867 merui,
2030 823 2074 859 et
2113 818 2258 860 omnis

452 893 628 947 spiritus
668 892 819 934 laudet
851 893 999 934 Deum
1033 907 1206 947 semper
1239 908 1318 948 pro
1359 895 1487 936 donis
1520 896 1623 946 suis,
1660 896 1783 950 cujus
1813 898 1960 951 gracia
1994 911 2074 940 nec
2107 899 2257 953 optavi

451 988 531 1016 nec
566 974 708 1027 recepi
742 974 970 1015 licenciam
1004 987 1031 1014 a
1066 988 1183 1028 papa
1221 975 1278 1016 ad
1314 974 1570 1017 habendum
1609 976 1909 1030 pluralitatem
1942 991 2022 1020 nec
2063 978 2152 1020 duo
2192 979 2257 1020 in-

449 1053 761 1108 compatibilia.
821 1052 900 1095 Ad
931 1053 1050 1107 quod
1088 1054 1204 1095 enim
1237 1062 1516 1109 acceptarem
1550 1055 1860 1110 pluralitatem,
1892 1058 2047 1099 videns
2079 1065 2256 1101 sanctos

450 1141 494 1176 et
538 1140 666 1188 aptos
707 1134 958 1176 sacerdotes
1002 1135 1186 1176 transire
1229 1135 1324 1177 sine
1370 1135 1684 1190 singularitate,
1726 1137 1753 1178 i.
1776 1151 1812 1180 e.
1852 1137 2001 1192 aliquo
2041 1138 2255 1182 beneficio

449 1213 770 1257 ecclesiastico?
830 1213 933 1256 Vidi
965 1215 1007 1255 in
1029 1215 1183 1256 diebus
1213 1216 1320 1257 meis
1341 1216 1471 1258 valde
1501 1216 1741 1258 dolendum
1763 1218 1877 1260 inter
1903 1218 2091 1273 plurima
2122 1219 2252 1268 mala,

448 1310 548 1349 quae
595 1296 639 1336 in
681 1295 850 1349 Anglia
890 1295 1166 1337 inundabant
1208 1302 1253 1338 et
1299 1296 1702 1351 multiplicabantur
1744 1297 1788 1339 in
1829 1304 2030 1352 tempore
2072 1299 2254 1341 Henrici

447 1375 488 1430 5i
527 1382 572 1417 et
613 1375 663 1427 6³,
704 1377 823 1430 quod
866 1377 1026 1418 diversi
1073 1377 1241 1418 domini
1288 1383 1333 1419 et
1373 1378 1547 1431 patroni
1592 1378 1921 1421 constituebant
1969 1386 2160 1422 rectores
2208 1387 2254 1422 et

446 1457 629 1498 vicarios
665 1463 709 1498 et
741 1458 947 1511 praelatos
985 1458 1028 1498 in
1063 1457 1159 1508 hoc,
1192 1459 1311 1512 quod
1346 1464 1585 1512 potuerunt
1620 1458 1703 1500 sibi
1733 1459 1839 1513 ipsis
1870 1460 2072 1511 dominis,
2095 1467 2144 1503 ut
2174 1474 2254 1515 per

447 1551 522 1578 eos
553 1538 814 1588 sacerdotes,
844 1538 888 1578 in
913 1537 1135 1579 beneficiis
1165 1552 1241 1579 seu
1275 1539 1319 1579 in
1353 1539 1466 1580 curis
1497 1539 1639 1593 positi,
1671 1539 1776 1593 ipsis
1807 1539 1997 1581 dominis
2028 1540 2251 1590 servirent,

448 1623 493 1658 et
528 1619 807 1659 attenderent
839 1619 1008 1660 actibus
1043 1619 1116 1672 qui
1154 1619 1331 1673 placent
1360 1619 1446 1660 illis
1482 1619 1684 1670 dominis,
1714 1620 1788 1673 qui
1820 1633 1894 1661 eos
1932 1621 2252 1674 promovebant

446 1697 597 1751 pocius
639 1712 772 1751 quarn
814 1699 984 1740 actibus
1024 1713 1134 1753 quos
1180 1700 1399 1741 Dominus
1432 1700 1554 1741 Deus
1595 1701 1781 1754 imperat
1825 1699 1916 1741 fieri
1958 1701 2016 1742 ad
2062 1701 2250 1743 salutem

446 1778 692 1819 animarum
728 1792 806 1832 per
846 1780 1106 1830 sacerdotes,
1142 1786 1186 1821 et
1221 1794 1301 1834 per
1340 1786 1579 1834 promotos,
1612 1786 1656 1821 et
1696 1779 1925 1821 officiarios
1965 1780 2009 1821 in
2052 1781 2249 1823 ecclesia.

445 1857 528 1898 Vae
568 1857 652 1899 illis
692 1860 888 1912 patronis
928 1865 972 1900 et
1015 1859 1288 1910 electoribus,
1324 1860 1399 1915 qui
1440 1867 1611 1915 ponunt
1646 1860 1914 1902 mundanam
1955 1860 2168 1903 festucam
2205 1861 2249 1903 in

444 1938 589 1979 officio
615 1929 701 1980 vseu
738 1939 781 1979 in
815 1939 1008 1980 ecclesiae
1044 1953 1156 1992 cura,
1191 1941 1264 1994 qui
1305 1946 1543 1995 potuerunt
1577 1940 1777 1981 ordinare
1817 1946 1862 1981 et
1899 1940 2064 1994 erigere
2104 1942 2147 1982 in
2179 1955 2247 1984 ec-

445 2019 576 2060 clesia
605 2019 725 2060 vivas
756 2018 1038 2073 columpnas!

561 2105 610 2149 [p.
638 2105 729 2148 306]
790 2099 959 2141 Doctor
993 2101 1216 2143 Robertus
1258 2100 1534 2143 Grosseteste
1569 2106 1749 2141 vocatur
1785 2100 1992 2181 §ominus
2026 2100 2248 2144 Lincolni-

444 2179 571 2230 ensis,
613 2179 716 2234 quia
756 2179 838 2222 fuit
882 2181 1107 2234 quondam
1150 2183 1382 2236 episcopus
1422 2180 1858 2250 Lincolniensis,)rt‘
1884 2188 2123 2235 antequam
2163 2181 2247 2223 fuit

445 2260 677 2315 episcopus
727 2260 809 2302 fuit
858 2260 1190 2303 archidiaconus
1231 2262 1482 2313 Lacestriae,
1523 2266 1566 2302 et
1610 2261 1766 2302 doctor
1815 2274 1949 2303 sacrae
1989 2261 2247 2316 Theologiae

446 2339 664 2393 Oxoniae3
706 2346 756 2382 ut
790 2354 874 2395 ego
906 2341 994 2382 vidi
1030 2343 1241 2397 scriptum
1274 2356 1408 2384 manu
1441 2355 1520 2382 sua
1550 2341 1725 2394 propria
1761 2341 1896 2395 ipsius
1937 2342 2103 2384 domini
2139 2340 2245 2383 Lin-

443 2420 687 2472 colniensis,
727 2421 803 2475 qui
847 2420 928 2462 fuit
972 2435 1140 2476 pauper
1186 2423 1354 2477 origine
1402 2436 1479 2463 seu
1527 2434 1584 2462 ex
1629 2420 1861 2463 nativitate
1907 2435 1997 2474 sua,
2038 2422 2117 2464 sed
2164 2435 2244 2476 pro

443 2507 596 2544 sancta
633 2503 724 2544 vita
764 2501 867 2556 ejus,
909 2508 954 2543 et
995 2516 1157 2557 magna
1198 2503 1290 2557 ejus
1330 2502 1523 2552 scientia,
1565 2501 1645 2542 fuit
1685 2501 1836 2554 factus,
1877 2502 2090 2544 instancia
2130 2501 2243 2556 regis

444 2581 634 2637 Angliae,
659 2583 890 2637 episcopus
921 2582 1176 2635 Lincolniae,
1207 2584 1283 2625 sed
1316 2582 1525 2636 completi
1556 2587 1659 2623 sunt
1689 2583 1795 2634 dies,
1825 2596 1884 2625 sc.
1918 2583 1991 2635 illi,
2021 2582 2124 2637 quia
2155 2595 2242 2624 non

445 2669 511 2705 est
542 2677 657 2706 nunc
686 2665 798 2706 sicut
829 2670 933 2706 tunc
963 2663 1072 2716 fuit;
1115 2678 1217 2706 nam
1251 2664 1446 2706 Henrico
1472 2662 1549 2716 vj²⁰
1579 2662 1752 2705 dicente
1783 2669 1828 2705 et
1859 2669 2083 2718 quaerente
2113 2677 2140 2706 a
2170 2675 2242 2704 me

443 2744 561 2797 apud
599 2743 805 2786 Castrum
840 2758 967 2786 suum
1001 2742 1279 2799 Wyndsore:
1327 2742 1529 2798 ‘Quare,’
1565 2744 1706 2798 inquit
1737 2758 1828 2796 reX‚
1860 2749 1974 2786 ‘non
2011 2743 2116 2786 estis
2150 2755 2240 2794 VOS,

443 2824 596 2874 doctor
617 2825 860 2881 Gascoyne,
881 2826 1109 2881 episcopus
1123 2824 1157 2864 ?’
1189 2833 1232 2867 et
1264 2839 1346 2879 ego
1378 2824 1582 2878 respondi
1611 2825 1704 2875 sibi,
1727 2826 1736 2845 ‘
1755 2824 1963 2875 Domine,
1984 2824 2083 2867 dico
2104 2822 2239 2875 vobis,
