2456 3210
615 241 746 278 LOCI
780 241 820 276 E
858 240 1025 280 LIBRO,
1069 238 1416 274 VERJTATUM.
1842 242 1918 272 121

117 392 170 429 et*
197 386 311 429 circa
344 386 452 428 illud
487 392 664 439 tempus
698 384 866 426 domini
900 384 958 425 de
993 381 1159 433 Prucia,
1191 380 1452 423 cruciferarii
1487 381 1532 421 in
1567 379 1680 421 albis
1713 379 1924 429 vestibus,

117 480 219 509 cum
249 467 383 521 nigris
413 466 626 517 crucibus,
646 464 819 519 expulsi
848 470 893 506 et
922 463 1053 506 occisi
1076 462 1254 504 fuerunt
1282 475 1364 516 per
1391 461 1593 502 homines
1615 459 1795 510 Pruciae,
1819 460 1924 513 quia

117 547 179 590 illi
211 547 469 590 cruciferarii
499 545 604 588 mali
639 552 685 587 et
715 545 872 586 ribaldi
905 545 950 585 in
985 543 1140 586 Prucia
1172 542 1464 592 habebantur,
1496 522 1544 583 et
1577 554 1728 582 eorum
1765 547 1919 589 castra,

117 634 297 670 centum
335 627 405 669 vel
444 627 572 676 ultra,
608 640 696 667 una
731 626 803 667 die
842 625 888 666 in
929 624 1082 666 Prucia
1117 623 1342 679 destructa
1381 622 1569 672 fuerunt,
1600 622 1628 663 i.
1641 635 1680 663 e.
1717 620 1924 662 homines

118 707 294 749 illorum
339 713 592 750 castrorum.
658 706 900 747 Praedictus
939 705 1178 759 imperator
1215 702 1463 745 Tuscorum
1502 702 1690 744 vocabat
1727 701 1920 755 seipsum

117 787 411 838 Waldemch,
441 793 486 829 et
520 786 583 828 sic
617 786 802 840 scripsit,
837 789 848 806 ‘
863 783 1146 826 Waldewach
1179 784 1328 838 gracia
1363 782 1648 831 Machometi‚
1684 782 1924 836 imperator

118 867 376 918 Turcorum,
406 873 452 921 et
474 846 782 916 'Tartasorum,
818 872 863 907 et
903 861 1184 914 Graecorum,'
1221 870 1267 906 et
1302 863 1385 905 fuit
1416 863 1532 904 filius
1565 863 1800 904 bastardus
1839 862 1922 902 im-

119 948 332 1002 peratoris
360 947 616 998 Tuscorum,
642 947 719 1001 qui
745 953 902 1001 captus
933 952 979 987 et
1011 946 1267 999 redemptus
1296 958 1376 999 per
1408 944 1616 998 Ungaros
1649 944 1694 984 in
1721 949 1924 996 tempore

121 1025 395 1082 Sigismundi
424 1028 700 1082 imperatoris
731 1027 936 1077 Romani,
965 1026 1207 1068 vocabatur
1238 1024 1449 1067 Cassinus
1478 1038 1556 1066 seu
1588 1024 1837 1066 Cassianus.

235 1113 280 1157 [p.
302 1113 395 1157 596]
422 1105 531 1150 Vae!
558 1105 650 1149 vae!
679 1107 911 1161 cupiditati
940 1107 1146 1157 eeclesiae,
1168 1106 1273 1160 quia
1298 1105 1394 1160 jam
1424 1119 1483 1147 ex
1514 1106 1726 1147 mandato
1758 1118 1923 1153 eorum,

121 1187 198 1242 qui
214 1191 429 1242 'regerent
457 1187 502 1228 in
531 1186 716 1229 ecclesia
746 1187 987 1229 cathedrali
1008 1186 1223 1236 Eborum,
1256 1187 1370 1228 circa
1400 1199 1565 1228 annum
1587 1185 1769 1227 Domini
1801 1197 1922 1236 1440,

122 1267 310 1322 quilibet
348 1273 524 1310 curatus
563 1268 608 1308 in
643 1268 806 1309 diocesi
845 1267 983 1309 habet
1022 1268 1067 1308 in
1100 1267 1334 1318 mandatis,
1363 1273 1413 1308 ut
1451 1267 1677 1321 praecipiat
1717 1271 1763 1307 et
1803 1265 1923 1319 quod

122 1347 323 1401 injungat
364 1347 563 1395 cuilibet,
585 1348 826 1396 confitenti,
867 1354 1109 1402 antequam
1148 1348 1412 1398 absolvatur,
1453 1354 1501 1389 ut
1541 1346 1684 1388 solvat
1723 1346 1922 1400 quolibet

122 1441 252 1480 anno,
269 1427 384 1470 sicut
412 1427 487 1470 ille
515 1435 691 1470 curatus
721 1429 761 1470 ei
793 1429 1004 1483 praecipit,
1027 1428 1204 1469 fabricae
1235 1428 1431 1470 ecclesiae
1461 1427 1734 1477 cathedralis,
1766 1432 1813 1468 et
1842 1426 1920 1468 tali

122 1508 257 1550 modo
285 1513 432 1562 potoet
461 1508 676 1563 imperare
704 1514 754 1550 ut
784 1509 970 1562 quilibet
1000 1509 1078 1550 det
1107 1508 1171 1550 eis
1200 1509 1349 1550 omnia
1378 1522 1478 1562 quae
1504 1508 1653 1550 habet.

240 1587 370 1630 Unus
408 1589 563 1630 doctor
602 1590 647 1630 in
683 1589 868 1631 concilio
906 1589 1134 1631 Basiliensi
1169 1584 1274 1631 fecit
1313 1597 1358 1631 et
1399 1589 1572 1643 scripsit
1610 1589 1671 1629 ibi
1711 1601 1922 1642 magnum

122 1673 272 1709 actum
300 1668 359 1710 de
386 1668 673 1724 indulgenciis
702 1669 948 1724 papalibus,
969 1676 1015 1711 et
1045 1670 1152 1711 dicit
1181 1670 1225 1711 in
1253 1669 1331 1711 illo
1355 1676 1471 1719 actu,
1493 1670 1614 1723 quod
1644 1683 1732 1710 non
1763 1669 1924 1723 reperit

124 1761 204 1789 nec
228 1748 394 1790 invenit
413 1748 713 1803 indulgencias
740 1763 971 1791 concessas
992 1755 1037 1790 et
1056 1749 1270 1803 sigillatas
1290 1750 1424 1791 modo
1451 1749 1538 1800 illo,
1558 1750 1633 1803 qui
1661 1748 1758 1805 (sic)
1786 1749 1922 1790 utitur

122 1827 208 1869 hiis
234 1828 400 1879 diebus,
419 1828 528 1870 infra
559 1829 680 1871 mille
708 1843 848 1870 annos
879 1830 959 1871 Xti
990 1844 1083 1871 esse
1113 1844 1355 1882 concessas,
1386 1819 1466 1872 nec
1498 1831 1556 1872 ab
1586 1830 1736 1884 aliquo
1766 1836 1920 1871 sancto

125 1920 356 1962 exproesas
393 1911 528 1952 modo
553 1909 648 1963 jam
677 1911 851 1952 usitato.
910 1910 1055 1952 Actus
1084 1911 1200 1952 illius
1230 1912 1422 1954 doctoris
1451 1912 1508 1953 de
1538 1911 1825 1965 indulgenciis
1856 1918 1922 1952 est

127 1986 331 2038 Oxoniae,
370 1989 416 2030 in
452 1989 652 2045 Collegio
694 1991 942 2041 Dunelmae‚
983 1992 1026 2031 in
1068 2005 1230 2045 magno
1270 1992 1381 2033 libro
1421 1992 1562 2046 papiri
1594 1992 1664 2032 De
1703 1992 1837 2045 gestis
1878 1997 1923 2031 et

125 2067 236 2109 actis
274 2068 444 2110 concilii
475 2070 631 2121 Pisani,
672 2078 717 2113 et
761 2071 931 2113 concilii
965 2070 1328 2124 Constanciensis‚
1360 2079 1404 2114 et
1445 2072 1614 2114 concilii
1646 2071 1922 2120 Basiliensis3

126 2147 248 2200 quod
280 2147 511 2190 concilium
551 2150 792 2192 Basiliense
826 2165 906 2205 per
944 2152 1212 2194 sentenciam
1254 2153 1386 2207 Papae
1423 2153 1611 2207 Eugenii
1647 2150 1745 2204 iiij‘i‚
1786 2164 1924 2203 usque

126 2227 184 2268 ad
220 2226 474 2280 Ferrariam,
503 2235 549 2271 et
586 2245 615 2272 a
644 2231 841 2272 Ferraria
880 2232 936 2272 ad
970 2231 1272 2274 Florenciam:
1310 2235 1390 2275 sed
1420 2233 1653 2275 concilium
1685 2230 1925 2272 Basiliense

129 2319 220 2348 non
249 2306 445 2349 obedivit
473 2311 706 2352 sentenciae
733 2312 837 2353 latae
868 2326 948 2366 per
968 2312 1230 2366 Eugenium,
1250 2315 1328 2355 sed
1358 2328 1436 2368 per
1459 2313 1729 2355 sentenciam
1757 2310 1927 2352 concilii

130 2375 383 2428 Basiliensis
415 2389 651 2441 praedictus
683 2390 908 2446 Eugenius
951 2392 1033 2434 fuit
1072 2393 1311 2447 depositus,
1344 2401 1388 2436 et
1424 2408 1504 2448 pro
1539 2392 1742 2446 deposito
1778 2391 1821 2431 in
1853 2390 1927 2431 illo

130 2465 315 2507 concilio
350 2468 672 2521 pronunciatus,
700 2478 745 2513 et
781 2472 876 2513 dux
907 2471 1143 2514 Sabaudiae
1174 2473 1217 2514 in
1247 2487 1410 2528 papam
1442 2474 1604 2515 electus
1639 2471 1720 2512 fuit
1750 2471 1794 2510 in
1827 2483 1928 2511 con-

130 2545 230 2587 cilio
260 2545 336 2587 illo
356 2545 596 2600 Basiliensi,
617 2556 663 2592 et
689 2551 819 2592 Felix
846 2559 1027 2594 vocatus
1058 2552 1150 2604 fuit,
1172 2554 1247 2606 qui
1276 2560 1378 2608 post
1406 2560 1592 2595 mortem
1617 2551 1804 2603 Eugenii
1831 2549 1931 2603 iiijti,

131 2625 178 2666 in
218 2631 418 2680 tempore
450 2626 655 2670 Nicholai
693 2631 845 2684 quinti,
882 2639 1096 2686 papatum
1136 2646 1264 2674 suum
1306 2633 1554 2687 resignavit,
1587 2637 1630 2671 et
1669 2636 1773 2671 tunc
1813 2630 1931 2671 solus

133 2703 375 2746 Nicholaus
419 2719 644 2749 successor
680 2709 870 2765 Eugenii
909 2711 998 2766 fiijfi
1036 2727 1116 2766 pro
1156 2726 1272 2767 papa
1311 2720 1518 2767 acceptus
1559 2717 1636 2751 est.
1717 2709 1934 2752 Dominus

134 2784 252 2826 enim
285 2784 409 2827 Deus
442 2785 587 2828 beatae
620 2787 818 2842 Brigittae
847 2792 991 2833 viduae
1031 2793 1087 2833 de
1128 2806 1263 2847 regno
1300 2793 1469 2835 Sueciae
1514 2791 1556 2831 in
1593 2789 1934 2832 revelacionibus

1018 2870 1048 2900 R
