2456 3210
471 200 552 229 120
971 191 1103 227 LOCI
1136 192 1176 226 E
1213 191 1379 226 LIBRO
1428 192 1774 229 VERJTATUM.

469 351 585 388 cave,
606 350 662 378 ne
677 337 771 390 jam
799 337 919 378 dicas
949 336 994 377 in
1022 337 1154 378 corde
1182 342 1269 385 tuo,
1294 337 1421 378 ‘Non
1453 350 1555 378 curo
1582 337 1703 391 quod
1732 351 1830 391 ago,
1855 338 1976 391 quod
2008 337 2139 379 michi
2167 338 2275 380 libet

469 418 639 468 faciam,
676 417 780 471 quia
815 416 1023 458 facillime
1058 423 1103 458 et
1137 416 1348 458 citissime
1383 416 1560 458 habebo
1595 418 1769 458 veniam
1809 418 2008 459 omnium
2045 418 2274 467 malorum,

467 499 574 552 quia
599 497 924 552 appropinquat
951 504 1126 552 tempus
1154 497 1444 551 indulgenciae
1473 511 1693 539 concessae
1715 513 1742 539 a
1762 511 1893 552 papa,
1913 498 2051 540 talem
2074 504 2118 540 et
2139 498 2275 540 talem

469 579 616 620 locum
645 575 950 620 visitantibus.³
1012 578 1145 632 Papae
1177 578 1294 619 enim
1326 577 1531 619 solebant
1561 579 1762 628 scribere,
1794 578 1867 620 ‘Si
1897 578 2053 632 aliquis
2083 578 2166 620 sub
2197 593 2276 633 spe

468 659 607 700 veniae
642 658 859 699 habendae
893 671 973 712 per
1008 657 1309 711 indulgencias
1345 672 1372 699 a
1408 658 1536 699 nobis
1571 672 1803 700 concessas
1839 659 2097 712 peccaverit,
2127 659 2275 713 quoad

468 739 624 793 ipsum,
660 738 883 780 concessio
918 744 1069 779 nostra
1104 737 1224 779 irrita
1258 738 1316 779 sit
1351 743 1396 779 et
1431 736 1600 780 inanis.’
1676 738 1789 780 Haec
1830 739 2041 792 cogitatio
2076 740 2194 781 enim
2230 745 2276 780 et

469 819 654 860 audacia
686 819 899 872 peccandi
930 818 1012 859 sub
1044 832 1122 872 spe
1150 818 1292 860 veniae
1324 824 1391 860 est
1421 818 1636 873 cogitacio
1666 819 1815 873 impia.

584 905 628 949 [p.
652 904 741 949 594]
800 899 936 940 Anno
968 899 1048 940 Xti
1078 899 1184 951 Jesu
1217 903 1312 939 m¹¹¹⁰
1343 904 1492 941 ccccm⁰
1522 900 1890 953 quinquagesimo
1920 900 2075 953 primo,
2105 899 2276 954 legatus

469 980 512 1021 in
555 980 764 1034 Ungariae
808 993 1004 1033 regnum,
1048 993 1128 1033 per
1170 993 1334 1033 papam
1383 979 1651 1022 Nicholaum
1692 979 1908 1033 quintum,
1949 979 2032 1021 fuit
2071 980 2277 1021 dominus

468 1059 709 1102 Nicholaus
749 1060 805 1102 de
847 1059 976 1111 Cusa,
1013 1060 1247 1101 cardinalis
1287 1060 1405 1102 tituli
1447 1059 1600 1102 Sancti
1643 1059 1759 1101 Petri
1801 1060 1845 1101 in
1880 1059 2091 1111 Vinculis‚
2126 1066 2176 1101 ut
2216 1060 2276 1101 ibi

467 1141 649 1195 legatus,
671 1141 933 1182 auctoritate
957 1154 1086 1195 papae
1117 1141 1265 1194 ipsius,
1288 1142 1414 1183 daret
1439 1140 1763 1195 indulgenciam
1790 1154 1890 1194 quae
1916 1140 2106 1182 habetur
2130 1140 2278 1182 Roma

467 1222 511 1262 in
542 1234 658 1262 anno
687 1221 885 1274 Jubeleo,
908 1221 1088 1263 cuilibet
1118 1235 1319 1274 personae
1349 1223 1394 1262 in
1425 1235 1561 1275 regno
1594 1221 1816 1274 Ungariae,
1847 1221 1923 1274 qui
1954 1221 2080 1262 daret
2110 1221 2276 1262 medie-

467 1307 607 1343 tatem
637 1302 834 1355 pecuniae
855 1315 989 1356 quam
1018 1303 1290 1355 expenderet
1320 1302 1466 1343 eundo
1497 1301 1542 1343 in
1572 1301 1777 1352 Romam,
1801 1307 1846 1342 et
1872 1301 1946 1342 illa
1974 1301 2160 1354 pecunia
2188 1300 2277 1343 col-

467 1382 582 1424 lecta
608 1396 686 1436 per
716 1383 839 1423 illum
870 1382 1150 1434 cardinalem,
1177 1383 1383 1424 dominus
1413 1383 1639 1436 Johannes
1671 1382 1870 1436 Hungat,
1899 1395 2047 1423 comes
2077 1381 2278 1435 Wyster-

468 1463 636 1513 ciensis,
657 1464 924 1516 gubernator
960 1464 1073 1517 regis
1104 1469 1149 1505 et
1179 1464 1302 1517 regni
1335 1464 1589 1518 Hungariae‚
1610 1477 1711 1505 cum
1740 1463 1979 1505 baronibus
2009 1461 2124 1504 illius
2155 1462 2277 1516 regni

469 1543 665 1585 fecerunt
699 1546 818 1597 quod
856 1558 1009 1586 omnes
1050 1544 1137 1586 illae
1173 1545 1374 1599 pecuniae
1409 1545 1609 1587 collectae
1647 1558 1725 1599 per
1764 1543 1888 1585 illum
1924 1543 2191 1585 cardinalem
2227 1549 2278 1584 ut

470 1630 665 1678 portaret
702 1625 860 1666 Romae
898 1632 1125 1667 manerent
1160 1627 1205 1667 in
1244 1627 1453 1681 Ungaria,
1486 1627 1544 1667 ad
1577 1625 1903 1668 defendendum
1939 1631 1984 1666 et
2018 1625 2076 1665 ad
2112 1623 2278 1665 condu-

469 1705 659 1746 cendum
691 1706 880 1747 Xtianos
911 1712 1063 1748 contra
1094 1707 1274 1757 Turcos‚
1306 1707 1351 1748 in
1382 1721 1570 1762 quorum
1602 1707 1763 1748 finibus
1795 1712 1839 1748 et
1870 1705 2000 1746 metis
2029 1704 2113 1759 ipsi
2144 1704 2277 1746 Turci

471 1790 664 1827 manent.
723 1785 825 1839 Quo
850 1787 1014 1835 audito,
1036 1801 1154 1841 papa
1182 1787 1425 1829 Nicholaus
1454 1788 1634 1842 quintus
1664 1785 2080 1828 excommunicavit
2094 1785 2278 1839 praedic·

469 1873 567 1906 tum
597 1865 827 1907 dominum
858 1879 1029 1907 comem
1060 1868 1117 1908 de
1150 1867 1336 1922 Hungat
1367 1869 1412 1909 in
1445 1868 1690 1922 Hungaria‚
1713 1873 1758 1908 et
1787 1867 1975 1908 barones
2004 1871 2049 1907 et
2078 1865 2277 1906 homines

470 1946 585 1987 illius
615 1946 751 2000 regni,
777 1946 851 1999 qui
880 1945 979 1987 huic
1008 1946 1124 1988 facto
1154 1949 1498 2000 consencierunt,
1526 1955 1570 1990 et
1600 1949 1695 2003 ipse
1725 1961 1874 1990 comes
1904 1952 1950 1988 et
1979 1946 2061 2000 ipsi
2091 1946 2278 1987 barones

470 2026 555 2068 hoc
576 2026 751 2080 cognito
772 2025 982 2067 dixerunt
999 2044 1007 2068 :
1040 2030 1049 2047 ‘
1065 2028 1160 2068 Nos
1181 2029 1457 2083 appellamus
1479 2044 1505 2070 a
1522 2029 1643 2083 Papa
1659 2027 1877 2070 Nicholao
1893 2027 1949 2068 ad
1966 2026 2107 2068 Xtum
2123 2026 2278 2079 Jesum

471 2120 550 2160 pro
585 2106 711 2159 cujus
750 2105 839 2147 fide
868 2106 1147 2149 defendenda
1180 2123 1406 2151 servamus
1436 2110 1521 2150 ista
1555 2109 1745 2163 pecunia
1779 2114 1933 2149 contra
1967 2107 2277 2160 imperatorem

471 2186 727 2238 Turcorum,
757 2186 832 2240 qui
863 2193 1046 2228 conatur
1075 2188 1301 2231 destruere
1333 2189 1634 2231 Xtianismum
1666 2188 1748 2229 sub
1779 2187 1908 2235 coelo,
1940 2191 1984 2228 et
2014 2186 2076 2227 sic
2107 2185 2277 2239 Ungari

471 2280 574 2309 eum
604 2268 804 2309 vicerunt
835 2280 953 2308 anno
987 2267 1066 2308 Xti
1108 2269 1231 2322 1456,
1263 2270 1308 2310 in
1343 2270 1459 2312 festo
1494 2269 1672 2312 Sanctae
1709 2268 1863 2309 Mariae
1895 2265 2188 2320 Magdalene3
2232 2270 2278 2306 et

470 2361 588 2389 anno
610 2347 793 2389 Domini
820 2354 925 2399 1451
949 2347 1262 2391 ordinaverunt
1283 2351 1404 2404 regni
1428 2350 1638 2404 Ungariae
1658 2349 1857 2399 barones,
1874 2347 1994 2401 quod
2015 2345 2159 2387 nullus
2182 2344 2277 2386 Un-

471 2429 617 2482 garius
643 2428 786 2470 exiret
808 2433 972 2469 terram
1000 2441 1125 2468 suam
1154 2429 1210 2469 ad
1240 2429 1444 2481 Romam,
1466 2430 1547 2471 sub
1572 2442 1734 2483 magna
1762 2426 1923 2482 poena?
1982 2425 2085 2480 Quo
2112 2425 2276 2475 audito,

464 2503 715 2550 Nicholaus
745 2507 923 2562 quintus
961 2513 1065 2548 tunc
1101 2522 1217 2562 papa
1252 2511 1461 2559 existens,
1494 2509 1684 2551 absolvit
1718 2508 1817 2550 illos
1853 2506 2076 2561 Ungarios
2111 2505 2168 2547 de
2203 2503 2277 2545 illa

473 2589 673 2630 entencia
709 2587 1182 2630 excommunicacionis
1215 2589 1307 2631 lata
1339 2604 1419 2644 per
1458 2591 1602 2644 ipsum
1643 2602 1833 2644 papam3
1882 2593 1927 2629 et
1965 2599 2128 2640 magna
2158 2585 2277 2626 bona

474 2667 668 2710 fecerunt
712 2669 882 2724 Ungari
922 2681 1022 2710 cum
1066 2667 1151 2709 illis
1196 2670 1390 2722 pecuniis
1430 2677 1584 2712 contra
1628 2670 1796 2712 Turcos
1839 2680 2049 2722 paganos,
2089 2677 2275 2719 quorum

475 2754 650 2789 centum
680 2749 801 2790 milia
831 2755 875 2791 et
905 2748 1223 2802 quinquaginta
1254 2749 1374 2790 milia
1401 2750 1571 2803 Ungari
1602 2750 1856 2792 occiderunt
1883 2760 2000 2789 anno
2029 2746 2109 2787 Xti
2138 2742 2248 2798 1456
2264 2757 2275 2796 ;
