2456 3210
495 269 574 307 144
990 261 1123 297 ωε]
1158 261 1196 295 E
1234 260 1399 295 LJBRO
1448 260 1649 296 VERJTA
1658 261 1792 297 TUM.

490 411 539 445 ut
576 404 729 455 nullus,
768 419 847 446 nec
887 405 998 446 serio
1040 418 1119 446 nec
1152 404 1263 458 joco,
1294 410 1472 445 vocaret
1504 404 1648 458 ipsum
1685 411 1922 459 augustum
1953 406 2206 458 dominum3
2248 413 2292 450 et

490 486 659 537 merito,
680 486 783 540 quia
811 499 939 527 verus
962 485 1183 527 Dominus
1211 485 1351 526 tocius
1381 485 1553 539 generis
1582 485 1763 527 humani
1789 485 1903 528 inter
1931 486 2131 529 homines
2162 494 2291 529 natus

488 565 582 617 fuit,
618 565 793 617 scilicet,
830 566 1021 620 expletis
1052 566 1108 607 ab
1145 565 1329 607 exordio
1366 565 1518 606 mundi
1559 566 1754 619 quinque
1790 566 1965 608 milibus
2000 581 2212 609 annorum
2246 574 2292 610 et

488 653 667 688 centum
705 647 945 701 nonaginta
987 660 1159 688 novem.
1234 646 1360 695 Item,
1393 645 1478 687 illis
1518 645 1673 687 diebus
1713 653 1835 688 trans
1871 647 2067 689 Tiberim
2111 649 2168 690 de
2202 647 2292 689 Ta-

488 728 624 768 berna
657 727 882 768 Meritoria
912 741 990 781 per
1019 733 1164 769 totum
1202 727 1319 767 diem
1350 726 1519 768 fontem
1552 725 1638 768 olei
1673 732 1788 768 terra
1824 729 2108 778 exeundavit‚
2139 734 2183 770 et
2213 741 2292 783 per

487 814 632 849 totum
664 807 781 849 diem
813 807 1059 861 largissimo
1091 807 1182 848 rivo
1213 806 1355 858 fluxit,
1387 807 1431 848 in
1461 807 1636 860 signum
1667 807 1747 849 Xti
1779 808 2010 851 adventus.

603 894 653 938 [p.
680 894 769 936 123]
830 892 1059 929 Nativitas
1088 891 1271 929 Domini
1298 892 1444 928 nostri
1473 893 1584 929 Jesu
1613 892 1706 930 Xti.
1767 889 1876 930 Ideo
1906 903 1985 931 vos
2015 902 2179 940 omneS,
2210 902 2291 943 pro

488 982 672 1022 quorum
709 968 852 1010 salute
883 968 1002 1009 Xtus
1034 968 1164 1019 venit,
1196 974 1349 1010 cavete
1381 973 1425 1009 et
1460 968 1599 1022 fugite
1630 968 1673 1009 in
1704 968 1789 1010 hoc
1824 983 1948 1011 sacro
1986 970 2099 1011 festo
2128 970 2291 1012 viciosa

487 1055 531 1090 et
567 1049 722 1103 turpia,
757 1055 801 1091 et
837 1049 1057 1103 praecipue
1092 1053 1246 1090 cantus
1282 1048 1538 1090 inhonestos
1571 1054 1615 1090 et
1647 1054 1807 1103 turpes,
1841 1050 1915 1103 qui
1951 1050 2178 1092 libidinem
2211 1065 2292 1092 ex-

485 1130 623 1171 citant
660 1135 704 1171 et
736 1135 989 1183 provocant,
1018 1135 1062 1171 et
1098 1129 1357 1170 memoriam
1390 1129 1591 1183 turpibus
1628 1129 2020 1183 imaginacionibus
2053 1130 2288 1181 maculant,

486 1217 530 1252 et
567 1210 748 1260 laedunt,
778 1217 822 1252 et
857 1210 1087 1265 ymagines
1118 1210 1376 1264 imprimunt
1417 1210 1460 1251 in
1495 1215 1656 1260 mente,
1687 1224 1795 1263 quas
1831 1211 2054 1264 expellere
2089 1211 2289 1253 difficilli-

486 1305 607 1332 mum
644 1298 723 1333 est.
796 1292 912 1332 Novi
955 1305 1051 1345 ego,
1090 1290 1256 1333 scilicet
1299 1290 1574 1345 Gascoygne,
1616 1291 1771 1332 doctor
1811 1305 1947 1333 sacrae
1987 1292 2172 1346 paginae,
2213 1292 2289 1346 qui

485 1372 580 1413 haec
611 1372 774 1426 scripsi,
801 1386 937 1413 unum
971 1385 1182 1425 magnum
1218 1378 1262 1413 et
1293 1371 1535 1413 notabilem
1565 1371 1707 1413 virum
1737 1371 1874 1412 talem
1905 1379 2083 1414 cantum
2113 1379 2288 1427 turpem

485 1453 530 1493 in
562 1452 674 1493 festo
710 1452 868 1494 natalis
903 1452 1133 1503 audivisse,
1165 1458 1209 1493 et
1249 1458 1417 1505 postea,
1453 1452 1563 1493 infra
1595 1451 1726 1494 breve
1766 1458 1955 1506 tempus,
1998 1453 2106 1494 illud
2147 1460 2286 1508 turpe,

486 1533 604 1586 qu'od
646 1533 688 1573 in
725 1539 855 1575 cantu
895 1533 1074 1585 audivit,
1109 1532 1192 1574 fuit
1228 1534 1291 1575 ita
1325 1533 1369 1574 in
1406 1539 1555 1574 mente
1594 1546 1673 1574 sua
1713 1532 1985 1586 impressum,
2017 1534 2135 1587 quod
2177 1547 2287 1575 nun-

485 1627 619 1666 quam
653 1620 807 1667 postea
839 1614 982 1667 potuit
1016 1613 1239 1668 expellere
1274 1627 1300 1654 a
1335 1620 1483 1655 mente
1514 1627 1604 1662 sua,
1636 1626 1715 1655 nec
1747 1613 1914 1667 species
1947 1613 2042 1654 illas
2077 1614 2285 1664 oblivisci,

486 1694 602 1734 unde
634 1693 676 1734 in
705 1700 876 1735 tantam
907 1694 1061 1735 incidit
1091 1694 1328 1746 tristitiam,
1360 1695 1479 1748 quod
1512 1708 1571 1736 ex
1601 1693 1676 1735 illa
1708 1693 1982 1735 moriebatur.

603 1779 767 1822 [p.131.]
829 1779 1036 1815 Ornatus.
1099 1775 1189 1816 Iste
1226 1775 1342 1815 enim
1384 1780 1563 1816 ornatus
1603 1773 1824 1827 preciosus
1864 1779 1908 1814 et
1949 1774 2203 1827 superfluus,
2242 1781 2309 1822 et,

485 1859 626 1908 aptus,
666 1854 836 1895 nudans
878 1862 1053 1908 pectora
1096 1855 1299 1905 mulieris,
1346 1863 1389 1897 et
1431 1856 1666 1897 ostendens
1708 1854 1899 1896 colorem
1937 1854 2047 1906 fuco,
2089 1856 2114 1896 i.
2138 1870 2173 1896 e.
2206 1870 2285 1897 un-

484 1941 662 1988 guento,
689 1934 796 1975 false
825 1935 1102 1988 adquisitam,
1130 1942 1174 1977 et
1203 1943 1381 1978 ornatus
1408 1937 1612 1986 virorum,
1640 1936 1733 1990 jam
1765 1949 1904 1989 nuper
1935 1936 2150 1987 inductus,
2177 1938 2285 1979 citra

483 2029 649 2057 annum
683 2027 805 2070 1429,
836 2015 961 2070 plura
996 2016 1112 2057 mala
1144 2018 1352 2067 causavit,
1382 2017 1426 2058 in
1457 2016 1760 2071 superbiendo,
1787 2022 1830 2057 et
1864 2016 1908 2057 in
1941 2016 2209 2070 fornicando,
2241 2024 2286 2060 et

484 2096 528 2137 in
559 2096 861 2144 adulterando,
887 2102 930 2137 et
961 2097 1005 2137 in
1039 2096 1264 2149 Sodomia,
1287 2104 1336 2139 ut
1367 2103 1521 2138 notum
1553 2102 1619 2138 est
1648 2095 1856 2151 pluribus.
1919 2097 2137 2140 Homines
2167 2098 2287 2140 enim

484 2176 699 2217 femorum
740 2176 928 2217 formam
973 2177 1211 2219 ostendunt
1253 2184 1298 2219 et
1346 2176 1605 2232 genitalium
1652 2189 1730 2229 per
1773 2182 2022 2230 aperturam
2068 2184 2197 2232 togae,
2240 2185 2285 2220 et

483 2257 650 2298 braccis
685 2257 780 2311 jam
821 2270 908 2298 non
949 2263 1142 2308 utuntur,
1183 2258 1260 2299 sed
1302 2258 1464 2312 caligis,
1506 2257 1550 2297 in
1590 2256 1748 2310 quibus
1788 2255 1928 2298 forma
1969 2259 2285 2313 magnitudinis

485 2338 782 2379 membrorum
807 2337 992 2391 turpiter
1019 2338 1278 2379 ostenditur.
1330 2337 1452 2379 Talis
1480 2343 1659 2378 ornatus
1687 2337 1829 2390 primo
1860 2345 2008 2381 movet
2035 2339 2092 2381 ad
2123 2352 2284 2394 magna

483 2424 676 2472 peccata,
719 2424 763 2460 et
803 2417 986 2460 retrahit
1027 2425 1207 2468 mentes,
1250 2419 1428 2473 quando
1469 2418 1525 2459 de
1563 2417 1663 2457 Deo
1702 2417 1958 2471 cogitarent,
1994 2419 2051 2460 ad
2091 2419 2285 2473 pessima

484 2498 702 2538 desideria
733 2502 777 2539 et
808 2498 866 2538 ad
896 2501 1019 2537 actus
1051 2497 1204 2538 malos.

602 2575 728 2625 Item,
762 2575 819 2616 ad
860 2573 1002 2628 turpia
1036 2574 1180 2622 verba,
1219 2588 1318 2628 quae
1354 2579 1455 2615 sunt
1492 2573 1802 2626 dampnabilia,
1840 2581 1883 2616 et
1923 2575 1982 2616 ad
2018 2579 2162 2616 tactus
2202 2574 2284 2615 im-

483 2655 678 2708 pudicos,
719 2654 794 2709 qui
836 2655 878 2696 in
919 2655 1074 2695 ardore
1118 2654 1310 2696 libidinis
1350 2653 1533 2707 alligant
1574 2653 1779 2706 animam,
1819 2661 1864 2697 et
1910 2660 2103 2697 mentem
2143 2654 2282 2708 capti-

484 2742 588 2777 vant
619 2750 645 2777 a
676 2750 755 2777 sua
790 2735 1003 2777 libertate.

602 2816 727 2867 Item,
770 2829 987 2871 expensas
1034 2827 1215 2868 magnas
1263 2819 1455 2865 causant,
1497 2819 1540 2855 et
1585 2814 1646 2855 sic
1695 2820 2010 2869 con-sequenter
2059 2813 2284 2856 retrahunt
