2456 3210
512 194 571 256 '90
1014 208 1145 245 ωε]
1178 208 1217 243 E
1255 207 1420 243 LIBRO
1467 208 1667 244 VERJTA
1677 208 1809 245 TUM.

514 351 691 394 deserto
726 353 850 393 annis
878 363 946 402 40,
975 357 1021 393 et
1055 351 1296 406 portabunt
1335 350 1669 392 fornicacionem
1702 350 1918 402 vestram,'
1954 351 1981 393 i.
2005 365 2042 393 e.
2078 351 2315 406 punientur
2350 386 2357 391 .

515 431 756 483 vobiscum,
793 432 895 486 quia
934 430 1049 473 filius
1089 431 1213 485 quasi
1253 444 1355 485 pars
1395 431 1532 484 patris
1572 436 1650 481 est,
1685 444 1763 485 per
1802 431 2065 474 decisionem
2105 431 2313 482 seminis;

516 525 576 553 ex
606 511 765 566 quibus
795 517 918 566 patet
949 512 1068 565 quod
1100 511 1328 560 Dominus,
1361 511 1589 552 dimittens
1621 511 1682 552 eis
1718 517 1858 553 certas
1889 525 2054 565 poenas,
2084 511 2193 554 alias
2225 524 2314 552 non

518 591 695 643 remisit,
724 592 829 645 quin
854 598 1010 646 postea
1039 591 1136 633 illas
1165 604 1320 646 poenas
1350 590 1569 633 solverent
1599 597 1642 633 et
1672 593 1947 634 sustinerent.
2009 590 2166 635 Solent
2196 591 2313 633 enim

514 672 655 714 sancti
687 678 832 726 patres
873 672 1066 715 ecclesiae
1102 671 1324 713 remittere
1364 678 1409 713 et
1455 671 1608 713 laxare
1648 678 1788 714 certas
1827 686 1982 727 poenas
2020 672 2230 727 positivas
2270 676 2315 713 et

515 751 574 794 ab
602 751 780 794 homine
800 752 870 793 vel
897 766 924 794 a
945 752 1044 806 jure
1069 751 1264 794 ecclesiae
1292 751 1534 806 impositaS,
1556 758 1600 793 et
1626 751 1710 794 hoc
1740 753 1960 807 praecipue
1988 751 2182 794 fecerunt
2211 751 2315 806 quia

515 831 610 873 sine
644 832 728 873 illis
763 832 906 886 poenis
941 832 1059 874 salus
1092 832 1251 874 animae
1280 831 1432 874 haberi
1463 832 1619 887 potuit,
1649 839 1694 875 et
1725 834 1991 875 remittendo
2021 832 2118 875 illas
2146 845 2314 887 poenas,

515 911 585 953 vel
625 911 722 953 illas
762 926 918 966 poenas
954 912 1228 963 retrahendo,
1264 913 1321 954 ad
1361 919 1486 954 actus
1524 912 1767 954 virtutuum
1810 913 2011 955 meliores
2046 913 2315 967 poenitentes

515 991 634 1045 ipsos
672 992 968 1047 praecipiendo
1012 992 1282 1047 obligabant,
1318 998 1362 1034 et
1402 992 1522 1047 ipsos
1560 993 1827 1047 poenitentes
1861 993 2103 1042 solvebant,
2140 993 2219 1034 i.e.
2255 991 2314 1033 ad

515 1072 780 1125 condignam
820 1073 1171 1116 satisfaccionem
1207 1073 1327 1127 juste
1371 1073 1642 1124 remiserunt,
1682 1079 1732 1115 ut
1775 1079 1964 1116 testatur
2002 1073 2218 1115 Ricardus
2258 1072 2316 1113 de

516 1150 682 1194 Sancto
706 1153 885 1194 Victore
914 1153 959 1194 in
989 1153 1101 1195 libro
1137 1167 1217 1194 suo
1253 1154 1324 1195 De
1354 1159 1576 1207 potestate
1605 1153 1861 1195 absolvendi
1892 1160 1938 1196 et
1966 1153 2183 1197 retinendi
2212 1165 2315 1207 pec-

514 1237 626 1273 cata.
688 1231 886 1274 Caveant
921 1248 1027 1288 ergo
1067 1239 1330 1287 peccatores,
1366 1247 1422 1274 ne
1457 1234 1545 1275 sint
1580 1232 1743 1275 similes
1777 1232 2025 1275 hominibus
2060 1232 2315 1287 Jerusalem,

515 1325 602 1353 non
632 1326 734 1354 vere
764 1313 1094 1367 poenitentibus,
1127 1327 1207 1355 nec
1236 1327 1338 1355 vere
1367 1313 1617 1355 satisfacere
1644 1313 1904 1364 volentibus,
1935 1314 1990 1355 de
2020 1313 2178 1368 quibus
2208 1312 2316 1354 dicit

516 1390 747 1442 Dominus,
779 1393 983 1446 Jeremiae
1019 1398 1101 1446 15⁰,
1137 1393 1213 1436 ‘Si
1253 1400 1470 1436 steterunt
1511 1394 1692 1448 Moyses
1733 1400 1779 1436 et
1820 1394 2002 1436 Samuel
2041 1406 2188 1436 coram
2230 1406 2314 1442 me,

515 1484 604 1512 non
628 1478 693 1513 est
721 1473 867 1514 anima
891 1488 991 1516 mea
1014 1475 1072 1516 ad
1102 1474 1316 1529 populum
1338 1476 1471 1516 istum
1487 1472 1512 1526 ς’
1542 1480 1586 1516 et
1606 1474 1807 1528 Jeremiae
1831 1478 1914 1526 14⁰,
1935 1473 2063 1515 ‘Noli
2089 1487 2212 1515 orare
2235 1487 2316 1528 pro

515 1551 681 1605 populo
711 1552 807 1604 isto,
841 1554 884 1594 in
916 1555 1092 1605 bonum,
1123 1568 1181 1597 sc.
1212 1561 1262 1596 ut
1297 1555 1471 1597 veniam
1512 1554 1716 1604 habeant,
1748 1555 1853 1596 dum
1885 1554 1996 1596 tales
2030 1559 2315 1608 permanent3

516 1644 616 1673 cum
658 1631 963 1686 jejunaverunt
1003 1635 1371 1676 non'exaudiam
1412 1648 1564 1689 preces
1604 1632 1805 1686 eorum3'
1850 1641 1895 1676 et
1934 1647 2065 1675 causa
2105 1634 2314 1683 redditur,

515 1710 664 1752 Ysaiae
695 1710 770 1763 58⁰
801 1717 897 1762 ca⁰.,
932 1714 1008 1754 ‘In
1040 1714 1195 1756 diebus
1222 1714 1375 1769 jejunii
1405 1715 1537 1757 vestri
1568 1715 1784 1757 invenitur
1811 1714 2016 1755 voluntas
2041 1720 2197 1765 vestra,
2226 1714 2254 1755 i.
2276 1727 2314 1755 e,

518 1805 607 1833 non
629 1791 726 1842 Dei,
747 1793 824 1833 sed
849 1799 1015 1835 vestras
1038 1794 1180 1836 facitis
1203 1795 1466 1847 voluntates,
1486 1795 1543 1837 ad
1574 1794 1672 1837 lites
1699 1794 1813 1836 enim
1847 1800 1891 1836 et
1919 1795 1976 1836 ad
2007 1794 2315 1836 contenciones

513 1871 749 1926 jejunatis.'
810 1873 929 1925 Ideo,
958 1874 998 1917 O
1026 1875 1141 1916 bone
1168 1876 1298 1929 Jesu!
1333 1881 1342 1898 ‘
1359 1890 1465 1918 sane
1495 1889 1579 1923 me,
1609 1881 1654 1917 et
1681 1875 1894 1926 sanabor;
1931 1875 2102 1917 salvum
2131 1889 2204 1916 me
2232 1874 2313 1924 fac,

518 1958 563 1994 et
585 1953 730 1994 salvus
751 1967 825 1995 ero
841 1953 864 2005 ;'
895 1956 905 1974 ‘
920 1954 1038 1996 dicas
1058 1961 1106 1996 tu
1127 1957 1310 1998 verbum
1330 1962 1374 1998 et
1394 1956 1622 1999 sanabitur
1644 1969 1753 2010 puer
1773 1953 1919 2006 meus‚’
1941 1956 2013 1998 i.e.
2035 1956 2183 1997 anima
2203 1968 2314 1997 mea.

516 2032 674 2087 Aliqui
702 2033 819 2074 enim
852 2034 1015 2083 dicunt,
1045 2041 1090 2077 et
1120 2035 1238 2087 salse,
1267 2037 1386 2091 quod
1415 2036 1599 2091 quilibet
1626 2035 1720 2077 dies
1750 2036 2028 2089 poenitenciae
2056 2035 2315 2077 voluntariae

517 2114 562 2154 in
594 2113 677 2155 hac
711 2113 802 2156 vita
838 2119 904 2156 est
938 2115 1154 2157 sufficiens
1184 2130 1318 2170 poena
1349 2131 1424 2158 seu
1456 2115 1721 2171 poenitencia
1750 2116 1808 2157 ad
1840 2115 2139 2158 remissionem
2167 2129 2315 2170 poenae

517 2193 720 2235 annualis
771 2194 815 2234 in
864 2207 1127 2249 quocunque
1177 2203 1278 2250 post
1327 2196 1441 2239 hanc
1490 2196 1657 2247 vitam;
1713 2201 1758 2237 et
1805 2194 1890 2238 hoc
1939 2196 2099 2238 falsum
2147 2196 2314 2238 dictum

519 2273 702 2315 Domini
738 2272 981 2315 Ezechielis
1015 2281 1187 2329 quarto,
1221 2282 1375 2319 contra
1406 2275 1678 2318 intellectum
1713 2275 1893 2317 Domini
1928 2275 2133 2330 allegant.
2194 2275 2315 2317 Dicit

518 2354 636 2395 enim
657 2353 821 2396 ibidem
843 2353 1071 2405 Dominus,
1094 2358 1103 2375 ‘
1119 2356 1250 2397 Diem
1276 2370 1357 2411 pro
1377 2370 1494 2398 anno
1524 2354 1626 2397 dedi
1656 2354 1763 2404 tibi,'
1793 2356 1819 2396 i.
1836 2370 1873 2397 e.
1895 2369 1974 2409 per
2000 2361 2108 2410 quot
2129 2356 2223 2397 dies
2252 2362 2313 2401 tu.

519 2433 728 2475 Ezechiel
768 2433 966 2475 manebis
1006 2434 1049 2475 in
1085 2435 1168 2477 hoc
1208 2436 1318 2489 loco,
1351 2450 1429 2491 per
1464 2441 1532 2478 tot
1566 2449 1706 2477 annos
1750 2436 1830 2477 erit
1868 2435 2058 2490 populus
2093 2435 2228 2477 Israel
2268 2435 2312 2476 in

518 2514 776 2567 captivitate
814 2519 1051 2567 antequam
1093 2514 1271 2558 libertas
1311 2517 1373 2558 eis
1412 2515 1599 2566 dabitur,
1640 2515 1684 2556 in
1725 2521 1924 2570 tempore
1961 2515 2144 2557 Assueri
2185 2515 2312 2569 regis,

519 2598 563 2634 et
597 2593 759 2635 Hester
793 2594 978 2647 reginae3
1016 2599 1059 2635 et
1100 2594 1200 2636 inde
1235 2602 1284 2638 ut
1317 2602 1506 2639 testatur
1537 2595 1727 2638 Sanctus
1758 2596 2006 2648 Jeronimus
2036 2610 2166 2650 super
2200 2595 2312 2648 Eze-

520 2672 704 2715 chielem
736 2675 780 2714 in
813 2673 1140 2716 Commentario
1177 2689 1271 2716 suo.
1344 2676 1434 2731 Qui
1470 2689 1574 2729 ergo
1609 2675 1692 2717 ista
1720 2676 1853 2718 verba
1884 2677 1942 2717 ad
1976 2689 2152 2717 sensum
2184 2688 2310 2716 suum

521 2758 564 2793 et
613 2753 668 2794 ad
719 2753 990 2796 intellectum
1029 2752 1220 2795 alienum
1264 2756 1321 2797 ab
1366 2755 1590 2799 intellectu
1640 2755 1715 2797 illa
1763 2756 1896 2798 verba
1939 2756 2080 2811 primo
2129 2754 2311 2798 dicentis
