2456 3210
679 335 811 371 LOCI
843 335 883 370 E
921 334 1087 370 LIBRO
1133 333 1476 370 VERJTATUM.
1895 335 1976 379 207

180 477 344 526 vancia,
368 478 538 531 ‘Jesus!
567 477 719 532 jesus!
748 476 918 532 Jesus!’
960 477 1131 532 magnis
1152 483 1197 519 et
1223 477 1441 519 continuis
1466 475 1676 527 vocibus;
1714 475 1788 517 illo
1818 475 1980 516 devoto

180 556 274 598 viro
305 559 531 612 quondam
566 560 686 601 socio
720 559 873 601 Sancti
907 558 1163 600 Bernardini
1197 558 1255 599 de
1292 557 1434 608 Senis,
1464 558 1540 611 qui
1570 556 1689 611 jacet
1724 557 1769 598 in
1798 555 1980 610 Aquila,

181 639 460 690 praecedente
492 639 681 682 Xtianos
719 640 764 680 in
804 639 879 680 illo
918 638 1037 680 bello
1077 645 1122 680 et
1160 651 1334 680 crucem
1374 651 1475 679 cum
1515 637 1726 692 ymagine
1765 636 1847 678 Xti
1881 649 1982 690 por-

180 720 319 767 tante,
350 725 396 760 et
431 719 602 772 ‘Jesust
648 717 824 773 Jesus!'
860 719 1092 767 clamante,
1129 724 1175 760 et
1204 717 1400 760 Domino
1427 717 1545 771 jesu,
1574 731 1749 772 semper
1776 716 1980 771 glorioso,

181 798 412 840 victoriam
442 799 619 842 Xtianis
649 800 734 842 illis
764 800 1046 842 concedente.
1109 798 1219 840 Haec
1248 804 1405 852 patent
1434 799 1479 839 in
1508 798 1634 840 litera
1662 797 1852 852 sigillata
1881 810 1981 839 cum

183 877 326 931 sigillo
355 892 576 921 armorum
606 894 784 922 suorum
813 880 982 922 domini
1007 879 1223 932 Johannis
1251 879 1451 934 Hungat‚
1479 879 1653 921 comitis
1675 877 1983 920 Visterciensis

184 956 228 998 in
265 957 473 1013 Ungaria,
509 962 582 1014 qui
617 960 699 1003 fuit
730 961 985 1014 capitaneus
1019 960 1132 1001 inter
1165 958 1264 1001 illos
1298 959 1500 1011 Xtianos,
1532 959 1607 1014 qui
1641 959 1724 1001 suit
1762 963 1983 1013 protector

184 1042 289 1080 tunc
319 1041 432 1094 regis
457 1048 503 1082 et
530 1041 650 1095 regni
673 1041 981 1095 Ungariorum,
1003 1041 1078 1094 qui
1107 1040 1340 1082 reservavit
1365 1040 1410 1081 in
1434 1054 1570 1094 regno
1592 1039 1802 1091 Ungariae
1829 1051 1982 1080 omnes

184 1120 395 1172 pecunias
440 1121 646 1163 collectas
695 1128 742 1163 et
788 1122 916 1163 datas
956 1134 1036 1174 pro
1083 1119 1370 1174 indulgenciis
1410 1120 1604 1175 Ungaris
1646 1120 1864 1162 concessis
1904 1132 1983 1172 per

184 1211 348 1252 papam
378 1201 642 1244 Nicholaum
673 1203 875 1256 quintum
905 1215 1024 1243 anno
1058 1201 1238 1242 Domini
1275 1209 1409 1253 14513
1451 1216 1551 1255 quae
1581 1203 1779 1255 pecuniae
1809 1200 1983 1241 suerunt

186 1279 231 1319 in
273 1280 470 1335 Ungaria
515 1282 711 1325 collectae
751 1296 830 1337 per
876 1281 1140 1324 cardinalem
1181 1281 1297 1323 tituli
1338 1281 1489 1323 Sancti
1530 1282 1647 1323 Petri
1688 1282 1733 1322 in
1771 1280 1983 1331 Vinculis,

186 1359 453 1403 Nicholaum
481 1362 539 1404 de
567 1362 710 1414 Cusa3
745 1364 824 1404 sed
856 1362 929 1403 ille
959 1362 1101 1403 bonus
1131 1375 1279 1403 comes
1309 1376 1398 1403 non
1428 1362 1625 1417 permisit
1655 1362 1779 1403 illum
1809 1367 1984 1415 portare

184 1440 352 1495 aliquid
392 1443 448 1483 de
487 1442 571 1484 illis
611 1443 804 1497 pecuniis
843 1443 1012 1492 Romae,
1044 1442 1122 1483 sed
1163 1442 1236 1484 ille
1276 1456 1424 1484 comes
1464 1444 1652 1484 servavit
1692 1455 1847 1483 omnes
1886 1441 1984 1483 illas

187 1522 394 1574 pecunias
428 1522 635 1565 collectas
669 1537 749 1577 pro
789 1523 1077 1576 indulgenciis
1117 1523 1175 1564 ad
1216 1524 1559 1577 expendendum
1594 1528 1747 1564 contra
1787 1535 1984 1577 paganos

186 1601 364 1650 Turcos‚
402 1609 448 1644 et
486 1604 548 1645 sic
587 1617 796 1658 expensae
837 1604 1011 1644 suerunt
1052 1610 1203 1645 contra
1230 1603 1398 1645 Turcos
1438 1604 1481 1644 in
1518 1617 1704 1657 quorum
1737 1603 1866 1645 metis
1906 1617 1982 1644 seu

185 1681 388 1724 merchiis
426 1683 509 1737 ipsi
546 1684 715 1738 Ungari
747 1690 953 1734 manent3
994 1689 1039 1725 et
1074 1684 1178 1737 quia
1218 1683 1290 1725 ille
1330 1698 1478 1726 comes
1519 1697 1607 1725 non
1648 1684 1846 1738 permisit
1886 1683 1983 1724 illas

186 1762 405 1815 pecunias,
425 1764 487 1805 sic
518 1764 736 1814 collectas,
759 1764 921 1818 portari
953 1764 1009 1807 ad
1038 1764 1240 1814 Romam,
1270 1765 1369 1806 ideo
1399 1779 1514 1819 papa
1534 1764 1775 1806 Nicholaus
1804 1764 1985 1818 quintus

187 1842 331 1896 ipsum
367 1845 767 1887 excommunicavit
803 1851 847 1886 et
883 1858 1064 1898 regnum
1098 1844 1329 1899 Ungariae:
1366 1846 1444 1887 sed
1481 1845 1554 1887 ille
1590 1859 1748 1896 comes
1780 1845 1984 1886 dominus

187 1921 412 1974 Johannes
443 1924 609 1978 Ungat‚
650 1932 695 1967 et
737 1939 918 1979 regnum
957 1925 1165 1978 Ungariae
1201 1925 1533 1979 appellaverunt
1566 1940 1593 1967 a
1628 1926 1814 1979 pedibus
1854 1939 1983 1978 papae

154 2001 395 2045 -Nicholai
421 2005 479 2045 ad
507 2006 643 2058 pedes
662 2006 768 2059 Jesu
791 2006 886 2054 Xti,
909 2019 987 2059 pro
1015 2005 1139 2057 cujus
1165 2020 1316 2047 amore
1346 2014 1627 2048 servaverunt
1654 2007 1750 2048 illas
1774 2006 1983 2060 pecunias

188 2083 247 2124 ad
288 2085 604 2138 expendendas
643 2086 741 2128 illas
781 2094 931 2128 contra
979 2086 1176 2127 inimicos
1226 2087 1361 2128 crucis
1410 2086 1503 2136 Xti,
1554 2087 1722 2129 Turcos
1772 2100 1981 2140 paganos.

191 2162 295 2217 Quo
325 2164 477 2206 audito
512 2173 557 2208 et
588 2168 777 2222 cognito,
803 2168 920 2209 idem
954 2181 1070 2222 papa
1106 2166 1348 2208 Nicholaus
1382 2168 1559 2222 quintus
1596 2169 1739 2221 ipsum
1776 2167 1983 2208 comitem

189 2243 448 2286 absolvebat
486 2259 515 2287 a
552 2249 775 2290 sentencia
815 2248 904 2289 lata
946 2248 1003 2289 ab
1049 2249 1144 2301 ipso
1184 2261 1312 2301 papa,
1354 2255 1399 2290 et
1438 2248 1547 2290 alios
1588 2249 1726 2289 eciam
1766 2247 1810 2287 in
1849 2260 1984 2300 regno

192 2324 405 2378 Ungariae
434 2339 545 2379 quos
574 2341 722 2370 secum
752 2328 1176 2378 excommunicavit3
1208 2334 1253 2369 et
1282 2334 1447 2382 postea,
1467 2343 1584 2370 anno
1616 2328 1695 2369 Xti
1724 2326 1845 2381 1456,
1869 2340 1984 2380 papa

195 2404 398 2447 Calixtus
427 2405 501 2459 iij⁹‚
532 2408 809 2450 considerans
840 2408 1005 2450 bellum
1040 2408 1124 2449 Dei
1161 2415 1206 2449 et
1241 2407 1335 2460 ejus
1362 2409 1590 2451 victoriam
1622 2415 1773 2450 contra
1803 2407 1982 2455 Turcos,

192 2485 324 2527 bullis
359 2486 448 2527 suis
480 2492 525 2528 et
558 2486 692 2529 literis
722 2488 982 2531 hortabatur
1016 2488 1203 2542 populos
1236 2489 1504 2530 diversorum
1535 2502 1766 2542 regnorum
1798 2488 1855 2528 ad
1887 2501 1984 2528 ora-

168 2566 340 2608 —ciones
375 2572 420 2607 et
454 2566 512 2607 ad
542 2568 862 2621 poenitenciam,
895 2569 1178 2612 concedendo
1211 2574 1380 2623 septem
1410 2583 1549 2610 annos
1580 2567 1868 2621 indulgencia:
1904 2580 1984 2620 pro

193 2645 322 2687 certis
352 2646 700 2700 processionibus
740 2654 784 2690 et
823 2649 1096 2691 oracionibus
1135 2648 1303 2698 fiendis,
1344 2650 1552 2703 quociens
1591 2648 1725 2689 fiebat
1765 2647 1984 2701 processio

193 2739 295 2767 cum
324 2739 525 2767 sermone
554 2727 611 2768 ad
641 2728 866 2782 populum,
890 2743 991 2772 cum
1022 2729 1150 2771 certis
1181 2729 1349 2780 mediis,
1376 2736 1426 2771 ut
1454 2729 1543 2771 vidi
1573 2730 1616 2769 in
1643 2727 1814 2781 scriptis
1845 2726 2024 2788 missis-

195 2806 394 2859 ejusdem
415 2819 554 2860 papae,
570 2820 665 2860 ego,
679 2807 878 2851 Thomas
894 2809 1152 2863 Gascoinge,
1169 2808 1283 2850 filius
1303 2816 1348 2851 et
1367 2809 1507 2850 haeres
1531 2807 1709 2849 Ricardi
1727 2806 1985 2860 Gascoigne,

195 2886 253 2928 de
284 2885 476 2927 Hunslet
509 2886 706 2927 Eborum
736 2888 931 2940 diocesis,
961 2896 1006 2932 et
1037 2888 1319 2932 cancellarius
1350 2887 1641 2930 universitatis
1673 2886 1875 2929 Oxoniae.
