2456 3210
437 205 492 245 66
936 211 1066 247 LOCI
1101 210 1138 244 E
1177 210 1341 245 LIBRO
1391 209 1734 244 VERJTATUM.

438 354 593 406 michi,’
634 355 774 408 inquit
817 354 1005 396 Sanctus
1041 354 1332 408 Augustinus,
1369 353 1427 394 ‘si
1463 353 1674 407 aliquem,
1711 353 1785 406 qui
1823 367 1922 394 meo
1963 352 2128 394 auxilio
2160 354 2236 392 seu

436 435 610 489 loquela
641 435 838 489 indiguit,
871 435 1020 489 repuli,
1046 435 1114 475 vel
1147 435 1287 475 minus
1318 434 1484 488 aspexi,
1512 434 1582 474 vel
1607 434 1921 475 necessitatem
1956 434 2114 475 animae
2145 445 2236 473 suae

436 516 566 556 nimis
596 515 757 566 distuli,
780 529 923 556 moras
950 514 1244 569 protrahendo
1276 528 1388 565 eum,
1412 512 1630 555 Dominus
1661 521 1811 556 autem
1834 514 1956 555 Deus
1987 514 2074 556 cito
2106 512 2238 554 michi

436 595 649 637 auxilium
678 595 801 637 dedit
819 593 848 646 ;’
880 595 975 637 haec
1000 595 1188 638 Sanctus
1219 594 1507 648 Augustinus,
1535 595 1689 636 doctor
1718 595 1919 646 eximius,
1948 595 1991 635 in
2025 593 2240 636 Sermone

434 675 480 716 in
514 676 585 717 die
615 675 907 717 anniversaria
941 676 1233 717 ordinacionis
1261 689 1352 716 suae
1384 676 1427 715 in
1458 675 1723 734 episcopum,
1751 675 1854 729 quia
1884 682 1988 716 tunc
2020 673 2239 728 praecipue

437 755 608 797 solebat
649 755 838 798 Sanctus
872 755 1149 810 Augustinus
1184 770 1316 797 onera
1361 755 1625 811 episcopalia
1665 769 1811 797 coram
1850 756 1948 797 Deo
1990 753 2240 796 mentaliter

438 837 654 887 reducere,
686 843 730 877 et
770 850 916 878 coram
957 837 1120 891 populo
1160 836 1234 878 illa
1275 837 1523 890 praedicare,
1556 842 1604 877 ut
1645 836 1840 877 intimius
1881 849 1960 890 pro
1999 849 2047 876 se
2087 847 2238 888 preces

438 916 588 970 populi
619 917 867 970 adquireret
898 917 955 958 ad
983 917 1142 966 Deum,
1170 924 1217 958 ut
1248 931 1358 958 onus
1388 930 1516 958 suum
1546 923 1663 958 recte
1693 916 1894 970 impleret
1925 922 1969 958 et
1999 914 2240 969 perficeret.

441 995 645 1037 Salvator
693 1004 841 1038 noster
890 1010 1112 1069 nunquam
1164 997 1332 1038 sanavit
1390 997 1432 1037 in
1484 996 1710 1050 evangelio
1761 996 1952 1050 aliquem
2003 995 2238 1042 infirmum,

439 1077 648 1129 quamdiu
694 1044 803 1130 issggn
834 1041 1038 1119 sglizaior
1087 1078 1211 1118 stetit
1257 1078 1299 1118 in
1343 1084 1504 1126 monte,
1545 1077 1623 1118 sed
1665 1077 1938 1118 descendens
1985 1076 2042 1117 de
2089 1081 2241 1115 monte

438 1157 608 1198 sanavit
653 1156 887 1198 infirmum.
961 1157 1034 1199 Sic
1079 1158 1350 1199 descendant
1400 1156 1583 1212 praelati,
1626 1157 1825 1198 subditos
1872 1171 1975 1198 suos
2024 1155 2238 1202 docendo,

439 1237 718 1288 consulendo,
753 1238 1079 1291 compaciendo‚
1116 1244 1160 1279 et
1200 1237 1468 1289 auxiliando,
1504 1244 1549 1279 et
1593 1244 1697 1279 tunc
1740 1251 1814 1278 eos
1856 1237 2084 1277 sanabunt.
2147 1234 2238 1277 Sed

439 1317 549 1358 heu!
601 1323 709 1370 quot
744 1317 838 1371 jam
878 1318 1022 1359 dicere
1068 1325 1264 1372 possunt,
1306 1319 1576 1360 ‘Posuerunt
1619 1331 1689 1359 me
1736 1318 1964 1358 custodem
2007 1317 2050 1357 in
2089 1316 2239 1364 vineis,

440 1397 612 1438 vineam
650 1411 795 1438 meam
836 1411 923 1439 non
963 1396 1223 1448 custodivi3’
1265 1406 1309 1440 et
1341 1399 1440 1440 ideo
1472 1399 1515 1439 in
1547 1399 1618 1439 die
1646 1398 1797 1451 judicii
1829 1398 1947 1439 dicet
1980 1397 2087 1438 illud
2121 1396 2242 1446 Deu-

440 1477 671 1518 teronomii
711 1478 866 1531 primo,
904 1478 1114 1531 ‘Propter
1152 1493 1230 1519 vos
1268 1479 1404 1520 iratus
1444 1485 1510 1520 est
1554 1478 1683 1520 michi
1716 1477 1959 1524 Dominus,'
1994 1477 2054 1518 sic
2094 1490 2243 1518 revera

441 1557 556 1598 dixit
589 1557 767 1610 Moyses
801 1557 898 1598 filiis
933 1558 1081 1606 Israel,
1111 1559 1318 1612 ‘Propter
1350 1573 1426 1600 vos
1457 1559 1590 1600 iratus
1621 1565 1687 1599 est
1722 1558 1853 1599 michi
1886 1554 2127 1607 Dominus,’
2160 1557 2186 1598 i.
2204 1570 2242 1597 ea

442 1643 622 1691 propter
660 1644 887 1690 peccatum
930 1638 1220 1679 dubitacionis
1266 1653 1376 1680 meae
1421 1640 1477 1680 ad
1528 1653 1665 1693 aquas
1707 1638 2078 1686 contradiccionis,
2122 1637 2241 1691 quod

443 1722 673 1771 peccatum
709 1716 791 1758 feci
829 1718 1055 1759 occasione
1091 1719 1334 1772 iniquitatis
1370 1726 1538 1769 vestrae,
1580 1720 1682 1773 quia
1718 1719 1923 1772 iniquitas
1959 1718 2110 1772 populi
2148 1731 2242 1762 mo,-

443 1796 574 1838 vebat
616 1796 804 1849 Moysen
844 1798 1045 1839 dubitare
1085 1799 1141 1839 de
1181 1813 1296 1852 aqua
1337 1800 1615 1853 perducenda
1655 1800 1711 1840 de
1750 1805 1887 1852 petra.
1948 1797 2244 1839 Consimiliter

444 1877 488 1917 in
520 1876 592 1917 die
628 1877 780 1917 mortis
815 1884 859 1918 et
891 1877 1041 1930 judicii
1073 1878 1189 1920 dicet
1222 1880 1363 1920 malus
1395 1886 1438 1921 et
1468 1880 1637 1920 ociosus
1671 1886 1714 1920 et
1745 1879 1929 1920 viciosus
1960 1878 2167 1932 praelatus
2198 1884 2243 1919 et

444 1963 629 2007 curatus,
666 1956 877 2010 ‘Propter
909 1956 1010 2008 vos,’
1047 1972 1104 1999 sc.
1141 1958 1341 2000 homines
1378 1973 1492 2001 curae
1538 1973 1659 2008 meae,
1694 1959 1945 2012 ‘quondam
1987 1959 2244 2000 commissos

446 2036 591 2084 michi,
624 2037 757 2077 iratus
790 2044 855 2078 est
888 2037 1128 2089 Dominus,’
1159 2039 1185 2080 i.
1203 2053 1238 2080 e.
1271 2047 1450 2094 propter
1479 2046 1658 2093 peccata
1690 2053 1788 2092 quae
1818 2053 1896 2079 vos
1930 2038 2090 2080 fecistis
2119 2051 2244 2080 occa-

445 2118 567 2158 sione
608 2117 704 2167 mei‚
744 2123 787 2157 et
830 2131 907 2170 per
946 2117 1163 2159 defectum
1206 2133 1365 2171 meum,
1402 2120 1504 2173 quia
1545 2133 1655 2160 onus
1697 2133 1843 2160 meum
1885 2120 1996 2160 circa
2036 2133 2115 2159 vos
2156 2132 2243 2159 non

447 2196 540 2246 feci,
577 2203 621 2238 et
660 2185 790 2237 bona¹
817 2210 949 2250 opera
989 2198 1138 2240 debita
1177 2199 1316 2250 omisi,
1358 2199 1473 2240 mala
1515 2213 1601 2240 non
1642 2200 1850 2250 destruxi,
1881 2213 1959 2241 nec
2000 2206 2152 2241 contra
2193 2212 2244 2239 ea

447 2277 646 2318 debitum
694 2290 840 2318 meum
892 2276 984 2328 feci,
1028 2278 1257 2330 hortando,
1303 2280 1513 2330 docendo,
1563 2279 1841 2330 consulendo,
1892 2286 1936 2321 et
1987 2278 2242 2332 exemplum

446 2358 612 2398 bonum
653 2357 901 2412 praebendo,
936 2364 980 2399 et
1012 2372 1122 2399 onus
1165 2368 1311 2400 meum
1346 2360 1464 2413 quod
1506 2367 1683 2413 propter
1723 2359 1890 2400 lucrum
1927 2359 1996 2401 vel
2032 2359 2243 2400 honorem

449 2438 719 2478 mundanum
752 2437 928 2490 indigne
963 2439 1143 2491 suscepi,
1178 2439 1359 2492 implere
1390 2439 1560 2490 nescivi,
1594 2440 1709 2480 unde
1739 2440 1994 2493 sanguinem
2025 2436 2244 2488 vestrum,‘

449 2517 475 2558 i.
494 2531 529 2559 e.
560 2524 787 2572 peccatum
823 2523 1027 2567 vestrum,
1058 2519 1301 2559 ‘Dominus
1338 2519 1394 2559 de
1425 2532 1555 2559 manu
1590 2532 1687 2560 mea
1721 2519 1918 2573 requirit,’
1950 2520 1976 2560 i.
1995 2533 2031 2560 e.
2065 2533 2135 2560 me
2164 2532 2244 2572 pro

451 2610 550 2638 meo
581 2598 693 2639 circa
722 2611 800 2638 vos
840 2597 1012 2639 defectu
1048 2598 1313 2639 aeternaliter
1342 2599 1480 2652 punit,
1514 2605 1561 2639 ut
1603 2606 1725 2652 patet
1758 2599 2003 2641 Ezechielis
2034 2599 2097 2653 iij⁰
2128 2599 2246 2651 capi·-

451 2677 571 2728 tulo;
604 2685 647 2718 et
675 2677 863 2719 Sanctus
885 2676 1175 2731 Augustinus,
1200 2678 1241 2718 in
1273 2678 1419 2719 libello
1451 2692 1530 2719 suo
1562 2679 1617 2720 de
1649 2680 1904 2733 pastoribus,
1932 2679 2015 2721 hoc
2047 2685 2245 2727 testatur,

455 2756 612 2798 ‘Unde
643 2765 822 2812 propter
845 2771 922 2799 vos
950 2758 1083 2798 iratus
1109 2771 1154 2798 es
1183 2758 1311 2799 michi
1340 2758 1569 2809 Dominus,
1592 2759 1616 2799 i.
1634 2774 1668 2800 e.
1692 2766 1870 2813 propter
1898 2766 2076 2813 peccata
2103 2765 2247 2799 vestra
