2456 3210
425 254 505 309 198
928 261 1060 297 LOCI
1094 261 1134 295 E
1172 261 1339 296 LIBRO
1387 261 1730 297 VERJTATUM.

418 403 689 456 exemplum,
727 403 790 443 eis
825 409 1065 454 ostensum,
1105 410 1149 445 et
1186 417 1265 457 per
1303 403 1549 445 doctrinam
1590 404 1766 455 bonam,
1803 405 2033 459 concipere
2061 404 2228 446 vellent

417 489 592 524 sanctas
627 483 924 537 cogitaciones
957 490 1002 525 et
1036 485 1280 538 producere
1313 484 1440 538 plura
1469 484 1587 525 bona
1621 498 1780 539 opera3
1818 485 1896 526 sed
1928 486 2032 540 quia
2061 485 2226 527 inimici

419 563 505 604 Dei
546 564 830 605 committunt
871 570 916 605 et
956 564 1186 605 conferunt
1228 564 1290 605 eis
1333 564 1474 606 malos
1512 565 1719 619 praelatos
1759 571 1804 607 et
1845 566 1984 608 malos
2023 572 2224 616 rectoreS,

417 644 517 685 ideo
551 643 821 686 fornicantur
855 650 900 686 et
935 643 1100 686 faciunt
1135 644 1324 699 plurima
1360 659 1495 699 opera
1535 646 1664 695 mala,
1700 653 1744 687 et
1785 647 1891 700 quia
1931 660 2019 688 non
2057 646 2227 689 habent

414 725 580 766 bonum
616 732 841 779 pastorem
878 731 922 767 et
954 725 1120 767 bonurn
1154 731 1370 767 rectorem
1404 732 1652 767 morantem
1683 727 1801 768 'inter
1836 741 1927 777 eos,
1958 727 2229 769 fornicantur

413 805 697 860 spiritualiter
737 811 781 847 et
821 805 1116 859 corporaliter,
1156 813 1200 847 et
1241 806 1367 860 plura
1402 820 1537 860 opera
1572 807 1690 848 mala
1725 806 1906 849 faciunt.
1967 807 2071 849 Non
2107 808 2224 850 enim

413 892 596 940 possunt
631 887 749 928 bona
789 900 923 940 opera
964 887 1114 928 debite
1152 901 1362 940 generare
1402 887 1447 928 in
1483 902 1564 929 sua
1602 888 1764 929 diocesi
1806 889 1876 930 vel
1913 888 2120 942 parochia
2154 887 2225 930 vel

412 967 623 1009 abbathia
651 968 721 1008 vel
753 967 936 1009 ecclesia
967 967 1220 1018 cathedrali,
1251 968 1354 1022 quia
1391 981 1480 1009 non
1514 975 1618 1010 sunt
1653 982 1754 1010 curn
1785 970 1875 1010 suis
1906 969 2108 1020 subditis,
2139 982 2221 1011 nec

412 1048 561 1089 debite
593 1054 775 1090 manent
811 1048 925 1090 inter
957 1062 1044 1099 eos,
1073 1055 1117 1090 et
1155 1049 1255 1090 ideo
1289 1049 1575 1102 spiritualiter
1604 1063 1693 1090 non
1727 1056 1990 1092 convertunt
2022 1049 2224 1091 homines

410 1143 437 1170 a
473 1129 595 1170 viciis
627 1129 672 1169 in
702 1130 898 1171 virtuosa
932 1143 1079 1184 opera,
1114 1144 1194 1171 nec
1230 1144 1257 1171 a
1290 1131 1484 1184 peccatis
1521 1131 1578 1172 ad
1613 1131 1813 1172 virtutes.
1876 1131 2064 1173 Manent
2104 1131 2223 1172 enim

410 1210 453 1251 in
488 1211 615 1251 curiis
651 1223 912 1264 magnorum
948 1211 1227 1252 dominorum
1264 1211 1600 1262 mundanorum,
1631 1218 1676 1253 et
1713 1211 1771 1252 ibi
1805 1212 2067 1266 expendunt
2102 1211 2223 1252 bona

410 1291 603 1332 ecclesiae
643 1305 746 1339 suae,
781 1291 852 1333 vel
893 1298 1076 1333 manent
1112 1293 1156 1332 in
1192 1293 1548 1334 universitatibus
1590 1292 1765 1334 Parisiis
1804 1293 1874 1333 vel
1916 1291 2108 1334 Oxoniae
2149 1291 2222 1333 vel

408 1372 525 1422 alibi,
550 1379 594 1413 et
624 1372 774 1414 debite
805 1386 894 1413 non
927 1378 1110 1426 prosunt
1139 1373 1287 1424 verbo,
1319 1373 1540 1427 exemplo,
1570 1373 1750 1424 auxilio,
1776 1373 1971 1414 subsidio
2002 1372 2221 1427 spirituali

409 1459 453 1494 et
478 1453 704 1506 corporali.
756 1453 817 1495 Et
844 1454 1085 1507 aliquando
1106 1453 1273 1495 Tamar
1300 1468 1389 1495 non
1415 1454 1554 1496 habet
1581 1455 1798 1503 maritum,
1821 1454 1926 1507 quia
1953 1453 2098 1494 nullus
2124 1452 2221 1494 vult

409 1547 509 1574 eam
544 1534 744 1588 accipere
779 1540 961 1588 propter
994 1541 1314 1588 paupertatem,
1346 1541 1391 1576 et
1431 1534 1626 1576 ecclesiae
1660 1533 1945 1588 parochiales,
1980 1534 2025 1573 in
2060 1533 2220 1587 quibus

409 1615 635 1667 quondam
683 1615 858 1656 fuerunt
899 1615 1048 1669 magni
1098 1621 1301 1667 rectores,
1344 1615 1693 1670 hospitalitatem
1742 1619 1958 1663 tenentes,
2010 1620 2055 1655 et
2104 1613 2218 1654 filios

408 1695 773 1749 parochianorum
810 1697 867 1737 ad
909 1696 1052 1738 scolas
1092 1695 1367 1748 exhibentes,
1398 1696 1494 1750 jam
1528 1709 1617 1737 non
1648 1694 1815 1736 habent
1844 1694 1986 1735 bonos
2027 1699 2215 1742 curatos,

409 1789 489 1817 nee
517 1781 716 1826 rectores,
745 1789 825 1817 nec
851 1777 1047 1828 vicarios,
1074 1776 1230 1830 quales
1256 1777 1483 1827 haberent,
1510 1776 1615 1830 quia
1642 1774 1826 1817 ecclesia
1857 1781 1925 1816 est
1952 1775 2017 1816 ita
2049 1774 2218 1828 depau-

407 1862 561 1909 perata
595 1869 674 1909 per
708 1856 1116 1910 appropriacionern
1153 1856 1316 1898 factam
1353 1858 1410 1898 ab
1445 1856 1543 1898 aliis
1579 1862 1708 1897 extra
1742 1854 1995 1909 parochiam
2033 1868 2217 1896 manen-

406 1937 536 1988 tibus,
556 1936 676 1990 quod
705 1941 879 1977 curatus
904 1936 1028 1989 quasi
1060 1936 1166 1977 nihil
1198 1937 1344 1988 habet,
1366 1950 1446 1978 nec
1475 1936 1613 1977 habet
1640 1935 1759 1976 unde
1788 1934 1909 1976 vivat
1939 1940 1988 1976 ut
2019 1933 2215 1984 clericus,

406 2031 487 2059 nec
518 2017 636 2058 unde
663 2015 815 2070 juvare
850 2021 997 2069 potest
1027 2016 1315 2070 parochianos
1349 2030 1429 2058 nee
1461 2030 1586 2058 suam
1618 2014 1876 2065 ecclesiam3
1919 2020 1964 2055 et
1993 2015 2055 2056 sic
2086 2015 2215 2058 sedet

406 2099 451 2139 in
478 2096 659 2139 tristicia
689 2095 764 2137 illa
794 2109 894 2149 quae
924 2096 1149 2149 quondam
1180 2096 1263 2138 fuit
1284 2099 1293 2117 ‘
1311 2097 1492 2138 domina
1520 2093 1751 2149 gencium‚’
1782 2108 1842 2136 sc.
1874 2094 2082 2149 parochia
2112 2108 2213 2149 quae

406 2179 632 2233 quondam
673 2191 752 2232 per
790 2177 956 2218 bonum
997 2183 1195 2219 curatum
1235 2177 1316 2219 fuit
1357 2176 1563 2220 notabilis
1602 2176 1950 2217 conversacionis
1996 2182 2041 2217 et
2080 2175 2212 2217 samae

405 2260 519 2301 inter
547 2265 715 2313 gentes.

520 2347 570 2390 [p.
594 2345 685 2389 548]
746 2338 829 2379 Per
860 2337 957 2379 illos
987 2339 1357 2393 approprietarios
1388 2344 1433 2379 et
1469 2350 1557 2377 non
1595 2337 1836 2378 residentes
1867 2343 2017 2379 carent
2048 2336 2209 2378 debitis

404 2421 577 2470 curatis,
621 2418 934 2473 hospitalitate,
979 2419 1295 2471 praedicacione
1331 2416 1454 2459 verbi
1505 2416 1603 2467 Dei,
1649 2416 1926 2459 exhibicione
1972 2430 2207 2471 puerorum

401 2502 459 2542 ad
501 2500 653 2552 scolas,
689 2501 807 2541 bono
847 2498 1028 2539 consilio
1065 2505 1109 2540 et
1147 2498 1314 2540 auxilio
1355 2502 1617 2548 curatorum,
1654 2498 1740 2551 qui,
1770 2504 1950 2552 propter
1985 2496 2208 2538 defectum

401 2582 618 2622 bonorum
653 2579 1030 2634 appropriatorum
1069 2579 1176 2628 aliis,
1212 2592 1300 2620 non
1336 2583 1520 2632 possunt
1557 2578 1758 2619 auxiliari
1794 2577 2069 2632 parochianis
2104 2590 2207 2619 con-

401 2675 534 2714 grue3
572 2667 616 2702 et
651 2660 764 2702 tales
791 2659 898 2701 flent
929 2672 1075 2700 coram
1109 2659 1207 2700 Deo
1239 2672 1318 2713 pro
1349 2657 1544 2699 remedio
1580 2664 1733 2700 contra
1759 2658 2130 2713 approprietarios
2161 2663 2206 2699 et

404 2755 490 2782 non
531 2743 783 2793 residentes,
818 2740 976 2795 quibus
1025 2739 1166 2781 solum
1210 2739 1294 2781 hoc
1344 2744 1411 2780 est
1462 2739 1718 2788 remedium,
1761 2754 1850 2781 non
1891 2739 2033 2781 facere
2083 2739 2202 2792 quod

403 2821 608 2874 fecerunt,
654 2836 740 2864 non
785 2821 1022 2864 residentes
1061 2820 1223 2861 habere
1265 2818 1492 2861 ecclesiam
1533 2819 1595 2861 sic
1636 2822 1977 2875 appropriatam,
2022 2834 2103 2862 nec
2143 2821 2203 2861 sic
