2456 3210
676 267 807 304 LOCI
841 267 879 301 E
918 265 1083 301 LIBRO
1131 262 1475 299 VERJTATUM.
1782 286 1789 288 f
1919 257 1975 310 69

178 428 258 471 pro
289 414 456 457 honore
488 427 567 455 suo
600 421 645 455 et
677 426 755 467 pro
791 411 958 453 deliciis
993 410 1134 452 carnis
1166 422 1300 463 quam
1340 421 1420 462 pro
1454 407 1687 450 virtutibus
1723 415 1768 450 et
1807 408 1977 450 actibus

179 497 337 538 divinis
374 494 730 549 multiplicandis,
766 499 811 533 et
849 493 911 533 sic
950 491 1231 544 consequitur
1265 496 1315 530 ut
1355 502 1505 530 servus
1544 489 1749 543 indignus
1785 495 1828 530 et
1865 502 1978 530 mer-

168 577 379 619 -cenarius
420 575 571 629 pocius
611 573 799 615 intendit
839 586 966 613 suum
1008 570 1175 613 lucrum
1216 571 1501 616 mundanum,
1534 582 1667 623 quam
1704 570 1870 611 domini
1913 569 1979 610 sui

180 656 347 698 bonurn
369 662 414 697 et
439 662 604 697 rectum
632 654 859 695 servicium
886 651 1280 705 multiplicandum.
1342 649 1383 692 O
1408 650 1450 690 D
1480 648 1699 731 ust'kgeduc
1726 650 1783 691 de
1810 663 1980 692 carcere

173 736 442 790 rignoranciae
473 742 518 776 et
547 734 701 776 erroris
731 731 901 774 animas
932 703 1337 786 praesidencium,‘⁴{
1388 703 1412 771 i}
1474 731 1565 772 iant
1596 709 1641 772 eet
1671 738 1789 772 recte
1819 731 1981 772 intelli—

173 822 291 871 gant
318 816 528 870 judicium
556 822 679 857 tuum
713 821 892 863 rectum,
917 819 961 854 et
986 812 1208 866 quomodo
1235 818 1296 862 tu,
1322 818 1371 852 ut
1431 818 1523 852 atet
1556 811 1598 851 in
1627 818 1704 852 tuo
1738 811 1981 866 evangelio,

184 911 272 938 non
308 896 483 938 voluisti
513 895 680 937 solvere
710 894 922 935 tributum
963 892 1214 946 imperatori
1246 891 1450 933 Romano
1481 905 1559 946 pro
1590 898 1634 933 te
1665 899 1709 933 et
1740 906 1819 946 pro
1850 892 1981 933 Petro

174 977 241 1018 vde
271 976 356 1017 illis
384 976 523 1024 bonis,
544 989 631 1029 qua
656 974 806 1015 oblata
835 973 1011 1014 fuerunt
1035 973 1079 1013 in
1106 986 1209 1013 usus
1238 979 1340 1014 tuos
1367 972 1495 1013 utiles
1526 979 1569 1013 et
1602 973 1644 1013 in
1675 973 1982 1014 necessitatem

185 1056 462 1098 relevandam
495 1055 805 1109 discipulorum
837 1061 1023 1103 tuorum,
1057 1060 1125 1095 set
1157 1054 1213 1094 de
1248 1059 1411 1095 statere
1447 1053 1626 1094 inVento
1663 1054 1706 1094 in
1742 1067 1817 1094 ore
1853 1054 1983 1107 piscis

185 1136 352 1179 solvisti
393 1136 605 1178 tributum
647 1149 726 1189 per
770 1148 925 1175 manus
967 1133 1096 1184 Petri,
1141 1134 1254 1187 quia,
1297 1140 1345 1175 ut
1384 1140 1573 1175 testatur
1612 1140 1789 1175 sanctus
1829 1134 1984 1175 doctor

184 1217 434 1271 Jeronimus
460 1217 504 1257 in
526 1215 864 1257 Commentariis
892 1228 1022 1268 super
1043 1214 1287 1265 Matheum,
1308 1214 1474 1268 nephas
1501 1228 1594 1255 esse
1622 1216 1862 1268 cognovisti
1892 1229 1984 1257 rem

186 1299 337 1351 datam
368 1299 412 1339 in
443 1311 546 1339 usus
575 1303 750 1338 sanctos
782 1303 826 1337 et
857 1310 935 1350 pro
966 1296 1127 1336 sanctis
1157 1296 1421 1349 pauperibus
1451 1296 1555 1337 dare
1587 1297 1630 1337 in
1661 1296 1769 1338 alios
1800 1310 1904 1337 usus
1940 1304 1986 1338 et

179 1394 275 1422 vnon
310 1379 584 1434 pauperibus.
645 1378 741 1419 Nec
774 1385 842 1419 est
874 1391 1050 1418 securus
1082 1378 1126 1417 in
1161 1377 1430 1418 consciencia
1463 1390 1611 1419 coram
1646 1377 1745 1419 Deo
1778 1378 1989 1432 quisquis,

185 1475 288 1504 cum
322 1475 411 1516 quo
445 1474 562 1514 papa
597 1460 834 1513 dispensat,
868 1459 970 1512 quia
1010 1472 1128 1511 saepe
1164 1472 1279 1512 papa
1313 1459 1358 1499 in
1390 1458 1553 1512 judicio
1586 1458 1697 1500 fallit
1732 1465 1777 1500 et
1811 1458 1987 1510 fallitur,

188 1548 237 1584 ut
266 1548 390 1596 patet
423 1541 466 1582 in
496 1540 700 1594 antiquis,
720 1554 778 1581 sc.
804 1540 959 1593 quinto
988 1539 1097 1580 libro
1126 1538 1424 1580 Decretalium
1450 1540 1507 1580 de
1533 1552 1706 1580 summa
1731 1554 1987 1582 excommu-

178 1623 422 1672 nicacione,
458 1629 503 1663 et
537 1621 737 1676 quamvis
772 1633 901 1674 papa,
937 1627 1083 1661 motus
1117 1619 1188 1661 vel
1229 1620 1562 1673 importunitate
1599 1622 1751 1672 victus,
1786 1622 1988 1664 licenciet

188 1709 235 1745 te
255 1704 343 1744 duo
366 1701 580 1744 beneficia
600 1702 669 1743 vel
695 1715 753 1742 ex
776 1702 874 1755 jure
899 1700 1246 1755 incompatibilia
1271 1701 1445 1751 habere,
1469 1715 1555 1743 non
1582 1708 1677 1743 tum
1702 1709 1849 1756 potest
1871 1712 1989 1746 recte

189 1782 416 1843 licenciare
446 1789 491 1824 te
520 1784 578 1824 ad
609 1782 670 1824 sic
699 1782 955 1823 habendum
987 1788 1031 1823 et
1062 1782 1119 1822 ad
1149 1781 1210 1823 sic
1240 1781 1487 1823 faciendum
1515 1789 1564 1824 ut
1596 1782 1715 1835 sacis,
1746 1785 1848 1837 quia
1878 1785 1990 1827 forte

190 1863 287 1904 ocio
320 1877 451 1905 vacas
487 1869 531 1905 et
567 1863 746 1904 delicias
781 1864 931 1913 nutris,
968 1876 1047 1904 nec
1083 1876 1162 1915 per
1200 1861 1335 1904 talem
1371 1862 1598 1904 licenciam
1633 1878 1762 1918 papae
1797 1866 1988 1908 intendis

183 1943 399 1997 fperficere
426 1943 511 1984 Dei
538 1943 824 1994 voluntatem,
845 1944 923 1985 sed
952 1949 1086 1993 tuam,
1107 1943 1206 1984 ideo
1233 1943 1290 1984 ad
1312 1943 1678 1998 dampnacionem
1705 1952 1828 1987 tuam
1857 1949 1990 1988 uteris

184 2037 323 2077 ,papae
353 2022 543 2074 licencia,
567 2030 680 2065 teste
711 2023 875 2066 Sancto
904 2023 1141 2074 Barnardo,
1169 2024 1349 2065 doctore
1381 2031 1426 2066 et
1455 2025 1618 2066 abbate
1647 2025 1914 2075 clarevallis,
1947 2030 1990 2070 in

194 2103 398 2157 Epistola
418 2117 496 2144 sua
516 2103 651 2144 nobili
671 2104 729 2145 ad
750 2103 901 2145 Adam
923 2103 1187 2145 monachum
1208 2105 1266 2145 de
1290 2105 1559 2146 obediencia.
1623 2106 1683 2148 Et
1711 2107 1754 2148 in
1785 2108 1989 2161 Epistola

186 2197 275 2224 sua
303 2183 361 2224 ad
394 2183 638 2225 Robertum
666 2184 998 2226 Cluniacensem
1031 2184 1308 2236 monachum,
1333 2186 1393 2227 sic
1422 2187 1484 2228 ait
1514 2187 1632 2228 idem
1665 2187 1854 2229 Sanctus
1885 2189 1989 2230 Ber-

197 2265 370 2312 nardus,
393 2263 536 2318 ‘Quid
562 2265 679 2306 valet
706 2265 784 2306 tibi
814 2265 984 2319 papalis
1012 2266 1201 2313 licencia,
1224 2266 1345 2319 cujus
1372 2268 1686 2309 conscienciam
1715 2269 1822 2322 ligat
1843 2270 1992 2311 divina

188 2343 420 2385 >sentencia
435 2343 451 2384 ?
465 2343 476 2361 '
511 2344 634 2386 Deus
654 2346 783 2397 enim,
804 2352 999 2388 testante
1019 2346 1244 2400 propheta,
1261 2347 1457 2400 justicias
1480 2348 1709 2401 judicabit,
1733 2363 1836 2402 ergo
1858 2350 1992 2403 injus-

196 2424 322 2465 ticias
345 2422 589 2476 judicabit3
619 2427 819 2479 quamvis
847 2441 950 2481 ergo
973 2427 1094 2481 Papa
1116 2427 1343 2468 Romanus
1370 2428 1480 2470 forte
1508 2430 1687 2470 credens
1715 2437 1759 2471 te
1779 2438 1991 2482 sanctum,

194 2504 378 2558 justum,
405 2509 452 2545 et
482 2504 705 2556 scientem,
734 2513 780 2547 te
809 2507 1052 2549 licenciavit
1079 2508 1137 2548 ad
1168 2508 1332 2562 aliquid
1362 2509 1610 2551 faciendum
1640 2510 1709 2551 vel
1740 2512 1795 2551 ad
1826 2512 1992 2566 aliquid

191 2583 466 2633 habendum,
497 2597 584 2625 non
611 2590 708 2626 tum
736 2586 979 2629 licenciavit
1010 2601 1089 2629 nec
1119 2587 1347 2630 licenciare
1377 2591 1520 2643 potuit
1551 2591 1607 2631 ad
1636 2590 1883 2632 faciendum
1914 2607 1994 2635 nec

199 2664 258 2705 ad
290 2662 548 2704 habendum
579 2678 631 2705 eo
662 2666 795 2707 modo
830 2681 911 2709 nec
946 2682 999 2709 eo
1034 2668 1172 2710 abusu
1206 2684 1293 2722 quo
1322 2671 1527 2720 abuteris,
1558 2677 1601 2711 et
1634 2685 1722 2724 quo
1756 2672 1917 2714 viciose
1948 2682 1993 2716 et

201 2743 316 2785 male
349 2744 494 2785 uteris.
556 2744 688 2786 Forte
717 2755 952 2801 exemptus
988 2763 1035 2790 es
1067 2749 1124 2790 ab
1144 2750 1307 2792 'ordine
1339 2752 1556 2805 religionis
1588 2758 1636 2792 ut
1672 2751 1838 2793 meliori
1868 2768 1996 2796 vaces

195 2824 324 2878 ‚operi
362 2824 572 2873 doctrinae
609 2830 653 2866 et
688 2839 801 2867 curae
836 2829 1091 2881 animarum,
1124 2837 1167 2872 et
1203 2837 1250 2872 tu
1283 2845 1307 2873 e
1337 2832 1552 2873 contrario
1583 2832 1748 2874 deliciis
1779 2847 1917 2883 vacas,
1951 2843 1996 2877 et
