2456 3210
437 185 494 223 40
940 178 1071 213 LOCI
1104 178 1143 212 E
1182 176 1347 212 LIBRO
1396 176 1739 212 WZRJTATCAW.

436 320 579 373 ipsum
612 333 760 373 regem
795 319 1039 362 Henricum
1073 319 1264 379 Sextum
1302 318 1507 360 solebant
1537 332 1662 372 reges
1692 317 1872 373 Angliae
1906 327 2100 362 maturos
2136 322 2242 365 doc-

435 405 552 441 tores
573 399 820 454 theologiae,
838 406 997 442 exutos
1019 415 1046 442 a
1067 414 1171 442 cura
1191 399 1288 450 alia,
1311 399 1471 452 eligere
1493 399 1537 440 in
1561 413 1664 440 suos
1682 398 1963 450 confessores,
1981 407 2026 442 et
2047 402 2241 457 episcopi

436 493 526 521 suae
578 494 692 522 curae
742 487 847 522 tunc
897 480 1127 529 vacabant,
1169 481 1246 521 sed
1297 479 1341 520 in
1391 486 1591 533 tempore
1639 479 1820 521 Hem-ici
1862 479 1991 523 Sexti
2034 480 2241 535 Stafford,

435 560 666 614 episcopus
709 560 970 611 Cantuariae,
1011 568 1057 602 et
1096 560 1329 601 bastardus
1371 560 1549 613 origine,
1590 559 1672 601 suit
1715 558 2015 603 Cancellarius
2046 561 2240 617 Angliae,

433 639 589 682 Adam
640 641 814 682 Molens
865 641 1095 694 episcopus
1149 640 1433 682 Cicestrensis
1485 639 1568 682 fuit
1613 646 1761 681 custos
1808 641 1965 694 privati
2016 642 2146 696 sigilli
2196 625 2247 696 eta

432 720 602 761 occisus
636 720 745 772 fuit;
788 721 1018 775 episcopus
1052 720 1344 762 Norwicensis
1377 719 1599 761 Walterus
1637 719 1788 774 Lyard
1820 721 1877 762 de
1907 721 2129 765 Cornubia
2159 723 2250 766 fuit.

434 800 656 841 confessor
683 801 844 854 reginae
873 801 1065 843 residens
1096 801 1139 842 in
1172 801 1300 851 curia,
1332 807 1376 842 et
1410 800 1642 854 episcopus
1681 799 1975 844 Carlionensis
2005 809 2050 844 et
2085 810 2241 857 postea

434 879 753 922 Lincolniensis
782 881 1096 923 Marmaducus
1130 880 1274 922 Lunle
1307 880 1387 923 suit
1418 880 1711 923 thesaurarius
1739 880 1932 935 Angliae,
1963 888 2007 924 et
2037 883 2240 937 indignus

434 962 664 1015 episcopus
694 961 889 1014 Cestriae,
922 961 1040 1004 Buth
1077 962 1265 1011 nomine,
1297 961 1378 1003 fuit
1410 968 1516 1003 tunc
1554 960 1836 1003 cancellarius
1868 962 2030 1017 reginae
2061 963 2240 1018 Marga-

434 1048 537 1083 retae
570 1042 761 1095 Angliae.

549 1128 710 1172 [p.403.]
771 1121 1068 1164 Consimiliter
1102 1122 1198 1176 jam
1232 1121 1371 1164 Anno
1411 1121 1593 1164 Domini
1631 1129 1740 1173 1450
1781 1129 1968 1176 possunt
2010 1123 2154 1166 dicere
2194 1125 2240 1167 in

433 1201 599 1255 Anglia
620 1203 782 1244 subditi
804 1200 899 1245 suis
914 1203 1131 1256 capitibus
1153 1203 1359 1244 diversis:
1392 1205 1401 1223 ‘
1419 1201 1655 1250 Erubesce,
1680 1200 1720 1243 O
1743 1202 1972 1256 episcope!
2009 1203 2049 1245 O
2073 1205 2236 1246 rector!

435 1280 475 1323 Ο
494 1282 659 1335 judex!
701 1282 803 1337 quia
833 1283 870 1324 si
898 1283 1104 1325 intrasses
1130 1296 1209 1337 per
1234 1283 1383 1324 Deum
1415 1283 1458 1323 in
1490 1295 1639 1323 curam
1669 1287 1793 1323 tuam
1823 1287 1868 1323 et
1894 1282 2086 1325 officium
2114 1290 2239 1327 tuum

433 1362 582 1404 debite
612 1363 800 1412 fecisses,
833 1363 927 1405 haec
961 1362 1078 1404 mala
1110 1377 1198 1405 non
1234 1362 1418 1405 fuissent
1451 1361 1522 1403 hic
1550 1361 1666 1403 facta
1700 1361 1746 1402 in
1785 1367 1863 1403 tuo
1903 1363 2082 1417 populo,
2117 1370 2162 1406 et
2201 1365 2240 1407 si

433 1442 585 1483 fuisses
609 1443 679 1485 hic
705 1443 749 1485 in
776 1449 852 1485 tua
879 1457 981 1486 cura
1013 1450 1057 1486 et
1087 1443 1229 1485 officio
1261 1443 1423 1493 debite,
1444 1441 1585 1484 frater·
1603 1448 1704 1483 tuus
1734 1454 1822 1483 non
1850 1441 2002 1484 fuisset
2030 1450 2243 1496 mortuus,

434 1522 507 1564 i.e.
538 1522 691 1564 fratres
727 1523 790 1564 tui
826 1529 893 1565 tot
930 1530 975 1565 et
1010 1523 1121 1565 tanti
1153 1537 1241 1565 non
1273 1523 1457 1565 fuissent
1490 1521 1551 1564 sic
1585 1521 1746 1564 mortui
1781 1522 1825 1563 in
1856 1522 2091 1576 peccatisl’
2135 1523 2238 1577 Jam

434 1602 552 1643 enim
596 1603 699 1644 sinit
741 1600 902 1658 (Deus)
942 1604 1179 1645 occisiones
1222 1604 1529 1658 episcoporum
1575 1607 1619 1644 et
1659 1601 1946 1650 sacerdotum,
1991 1608 2035 1644 et
2075 1603 2241 1658 spolia-

433 1683 604 1724 cionem
628 1683 844 1724 bonorum
872 1683 930 1726 ab
950 1683 1034 1725 hiis
1062 1684 1136 1737 qui
1165 1683 1323 1726 divites
1348 1683 1641 1731 nominantur,
1666 1687 1710 1723 et
1732 1681 1928 1724 defectus
1956 1683 2240 1727 correccionis

433 1770 614 1818 propter
653 1763 941 1818 cupiditatem
978 1762 1174 1816 judicum
1217 1769 1262 1806 et
1302 1762 1619 1810 crudelitatem,
1662 1768 1706 1804 et
1745 1761 1832 1804 ista
1871 1767 1915 1803 et
1954 1762 2079 1817 plura
2121 1765 2242 1808 mala.

433 1843 753 1886 inundaverunt
800 1843 844 1884 in
884 1842 1052 1896 Anglia
1093 1857 1151 1885 ex
1197 1858 1285 1898 quo
1333 1843 1526 1899 episcopi
1566 1841 1746 1897 Angliae
1792 1841 1990 1886 faverunt
2031 1843 2242 1899 episcopo

432 1923 687 1974 Assavensi,
711 1931 867 1978 postea
901 1922 1173 1975 cicestrensi,
1203 1923 1454 1978 Reginaldo
1480 1922 1637 1973 Pecok,
1658 1921 1857 1973 Wallico,
1886 1922 1959 1976 qui
1991 1922 2238 1967 Londoniae

433 2004 690 2058 praedicavit
724 2003 900 2058 puplice
936 2010 981 2045 et
1020 2003 1182 2059 pluries
1216 2004 1414 2053 asseruit,
1452 2009 1497 2045 et
1537 2002 1719 2056 scripsit,
1761 2003 1878 2057 quod
1915 2004 2107 2059 episcopi
2148 2018 2237 2048 non

434 2091 640 2127 tenentur
669 2084 907 2139 praedicare
936 2083 1102 2138 populo
1132 2085 1176 2126 in
1198 2084 1281 2127 hoc
1312 2085 1432 2139 quod
1459 2083 1654 2138 episcopi
1682 2089 1796 2135 sunt,
1818 2090 1862 2125 et
1892 2085 2012 2138 quod
2044 2085 2240 2141 episcopi

432 2170 534 2207 sunt
575 2165 699 2207 exuti
739 2178 767 2206 a
802 2177 904 2205 cura
939 2163 1013 2205 illa
1053 2171 1099 2206 et
1136 2179 1163 2207 a
1203 2178 1306 2207 cura
1346 2165 1603 2213 animarum,
1639 2162 1683 2204 in
1723 2162 1807 2205 hoc
1842 2164 1961 2218 quod
2001 2165 2239 2209 instituunt

431 2246 542 2289 alios
577 2251 762 2295 curatos,
799 2249 843 2287 et
879 2244 998 2298 quod
1038 2244 1207 2299 antiqui
1248 2244 1444 2299 episcopi
1484 2242 1785 2298 praedicabant
1818 2244 2001 2298 antiquo
2036 2250 2238 2299 tempore
2287 2266 2293 2272 ·

433 2341 486 2369 eo
507 2326 627 2381 quod
647 2326 822 2368 fuerunt
847 2324 1051 2379 episcopi,
1074 2325 1100 2366 i.
1124 2339 1160 2367 e.
1193 2325 1331 2367 curati
1358 2323 1615 2375 immediati,
1642 2323 1732 2365 sive
1762 2329 1963 2376 rectores,
1983 2324 2053 2366 vel
2084 2325 2235 2376 curati,

431 2414 476 2449 et
505 2407 718 2449 concessit
747 2403 991 2447 Londoniis
1017 2406 1136 2459 quod
1168 2406 1398 2460 episcopus
1427 2417 1515 2446 non
1545 2409 1692 2458 potest
1717 2404 1954 2458 praedicare
1982 2404 2026 2447 in
2054 2404 2236 2449 ecclesia

431 2486 669 2541 parochiali
701 2499 791 2527 suae
818 2485 1014 2536 diocesis,
1045 2486 1138 2526 sine
1171 2485 1353 2527 licencia
1383 2483 1574 2533 rectoris,
1602 2483 1671 2526 vel
1701 2484 1847 2527 vicarii
1878 2484 1992 2526 illius
2025 2483 2234 2527 ecclesiae.

435 2567 536 2609 Hoc
572 2566 788 2609 concessit
823 2565 897 2608 ille
939 2565 1171 2619 episcopus
1211 2565 1381 2607 doctori
1417 2563 1690 2618 Millyngton
1732 2566 1787 2607 de
1826 2564 2124 2619 Cantabrigia,
2157 2564 2235 2619 qui

432 2647 511 2688 suit
542 2647 696 2689 doctor
724 2660 860 2689 sacrae
891 2644 1124 2698 theologiae
1155 2645 1211 2686 de
1247 2645 1459 2686 comitatu
1492 2644 1693 2696 Eboraci,
1728 2647 1902 2700 egregie
1938 2645 2235 2687 determinans

432 2733 580 2768 contra
615 2728 871 2782 episcopum
908 2726 1181 2780 praedictum.
1242 2725 1488 2778 Episcopus
1521 2725 1627 2767 dicit
1658 2726 1834 2779 quando
1864 2724 2062 2770 admittit
2092 2737 2234 2766 sacer-
