2456 3210
579 252 711 288 LOCI
746 251 783 286 E
821 251 987 287 LIBRO
1034 251 1379 287 VERITATUAI.
1828 258 1883 300 99

83 401 130 438 et
160 395 303 450 pudor
332 394 502 449 peccati
531 394 576 436 in
607 395 669 436 eis
698 407 785 436 non
814 401 895 436 est.
971 393 1063 436 Sed
1092 394 1213 448 quod
1243 393 1449 435 abhorret
1478 393 1709 444 Dominus,
1733 392 1883 435 Ysaiae

82 479 130 530 3⁰
149 479 246 525 ca⁰.,
277 474 537 522 ‘Peccatum
566 487 694 515 suum
725 480 775 516 ut
801 474 998 516 Sodoma
1028 474 1388 529 praedicaverunt,
1420 487 1501 516 nec
1531 470 1883 525 absconderunt?

83 554 162 597 Le.
180 561 411 610 peccatum
441 568 568 599 suum
599 554 772 609 publice
800 555 1052 604 ostendunt,
1078 568 1158 597 nec
1187 555 1475 606 abscondunt,
1502 555 1580 596 sed
1610 567 1711 596 cum
1740 554 1885 596 fronte

83 636 333 685 meretricis,
355 636 381 677 i.
391 650 428 677 e.
448 635 615 690 absque
634 636 813 690 pudore,
835 635 1110 689 applaudunt
1131 636 1333 678 manibus
1357 642 1401 677 et
1421 635 1626 677 laetantur
1647 648 1747 677 cum
1769 635 1885 676 male

82 715 303 767 fecerunt3
334 729 413 757 nec
433 715 669 758 attendunt
691 716 748 756 ad
775 716 910 756 verba
931 715 1011 757 Xti
1035 716 1081 756 in
1102 714 1346 770 Evangelio
1368 716 1564 767 dicentis,
1587 718 1598 735 ‘
1612 714 1695 757 Vae
1715 715 1843 757 vobis
1857 714 1886 755 1’

83 809 143 838 sc.
170 796 246 850 qui
270 797 332 838 sic
361 795 523 845 ridetis,
545 796 663 849 quod
692 794 853 837 flebitis
884 810 948 846 e0,
970 809 1028 838 sc.
1048 796 1168 850 quod
1196 796 1241 837 in
1270 797 1397 837 rebus
1426 796 1630 850 pessimis
1661 795 1884 837 exultatis.

86 875 128 919 O
154 875 347 917 Domine
373 875 520 918 Deus!
555 876 631 930 qui
662 876 800 918 fecisti
831 877 875 917 in
906 877 1033 931 aquis
1055 876 1213 918 validis
1243 884 1406 919 terram
1436 877 1626 917 atridam
1658 890 1883 931 apparere,

84 962 130 998 et
156 956 200 997 in
222 955 336 998 Mari
358 955 510 998 Rubro
534 956 652 997 viam
683 956 777 997 sine
808 956 1136 1010 impedimento,
1157 958 1214 998 da
1244 963 1289 998 et
1319 957 1523 1007 concede,
1544 963 1604 1007 ut,
1625 956 1780 1011 spiritu
1805 962 1884 998 tuo

84 1043 304 1090 operante,
339 1036 613 1078 exsiccentur
651 1037 734 1078 ista
771 1036 953 1078 flumina
988 1037 1147 1078 misera
1183 1036 1422 1086 Babilonis‚
1455 1043 1504 1078 ut
1540 1037 1741 1092 populus,
1767 1043 1883 1087 tuus,

84 1117 143 1158 de
172 1116 427 1171 captivitate
455 1118 623 1171 peccati
654 1118 835 1168 rediens,
865 1131 990 1159 veras
1019 1117 1172 1160 laudes
1202 1123 1247 1159 et
1275 1124 1515 1172 perpetuas·
1539 1118 1620 1159 tibi
1651 1117 1809 1159 reddat
1839 1117 1884 1158 in

85 1196 253 1239 coel'esti
284 1197 409 1251 Syon
439 1203 483 1239 et
511 1190 768 1251 Jerusalem.
827 1197 990 1239 Amen.

201 1283 251 1328 [pv
275 1283 367 1328 502]
424 1282 570 1320 Fides.
630 1278 680 1321 Si
730 1279 847 1320 enim
893 1286 1074 1333 propter
1113 1293 1250 1320 unum
1296 1279 1479 1321 verbum
1520 1287 1597 1320 aut
1638 1280 1739 1330 duo,
1784 1292 1885 1332 quae
1956 1281 1966 1293 ”

85 1358 300 1401 contraria
328 1358 430 1400 fidei
464 1364 577 1410 sunt,
608 1359 760 1400 multae
799 1359 988 1401 haereses
1026 1358 1212 1413 abjectae
1249 1367 1350 1401 sunt
1392 1360 1450 1401 ab
1492 1359 1686 1409 ecclesia,
1716 1364 1885 1413 quanto

88 1440 228 1493 magis
266 1438 336 1481 hic
372 1440 484 1481 inter
516 1433 746 1482 haereticos
785 1439 1021 1482 habebitur
1056 1441 1130 1495 qui
1169 1448 1316 1483 tantas
1348 1441 1655 1494 perversitates
1685 1446 1730 1481 et
1759 1446 1887 1481 tanta

86 1519 205 1562 mala
242 1520 453 1575 dogmata
496 1527 647 1562 contra
681 1520 816 1562 fidem
851 1521 1085 1572 adinvenit,
1119 1527 1165 1563 et
1201 1522 1287 1563 Dei
1323 1521 1517 1564 ecclesiae
1551 1521 1691 1562 hostis
1721 1521 1885 1562 extitit.

89 1599 202 1643 Haec
231 1601 292 1642 ibi
321 1600 378 1642 de
408 1601 611 1654 Origene,
642 1600 765 1654 cujus
807 1601 1042 1655 ingenium,
1074 1615 1161 1643 non
1202 1602 1351 1652 fidem,
1382 1608 1571 1644 testatur
1601 1602 1660 1642 ibi
1695 1601 1885 1643 Sanctus

85 1680 335 1740 Jeronimus
372 1694 420 1722 se
454 1680 671 1723 laudasse.
747 1680 1045 1722 Consimiliter
1071 1681 1177 1735 jam,
1209 1696 1326 1724 anno
1359 1682 1542 1723 Domini
1584 1690 1707 1734 1457,
1741 1681 1885 1723 visum

87 1769 156 1804 αεὶ
184 1762 367 1804 diversis
395 1763 569 1816 magnis
590 1760 643 1804 ‘et
674 1762 869 1816 pluribus
896 1762 1149 1804 doctoribus
1180 1764 1299 1817 quod
1332 1763 1430 1804 libri
1462 1763 1581 1814 editi,
1609 1762 1804 1816 inscripti
1842 1763 1885 1803 in

87 1841 279 1896 Anglico
309 1848 353 1884 et
383 1842 557 1894 Latino,
587 1857 666 1897 per
697 1842 992 1898 Reginaldum
1014 1843 1170 1895 Pecok,
1191 1843 1437 1895 Wachum,
1460 1844 1715 1898 episcopum
1746 1856 1886 1897 quon-

90 1923 195 1964 dam
213 1921 508 1965 Assavensem
530 1924 574 1964 in
594 1922 768 1975 wallia,
789 1931 833 1965 et
854 1929 1008 1978 postea
1030 1923 1364 1977 Cicestrensem,
1382 1926 1538 1967 merito
1558 1924 1719 1978 abjecti
1740 1930 1887 1965 essent

88 2017 117 2045 a
146 2002 312 2045 lectura
339 2003 568 2046 hominum
595 2010 641 2046 et
671 2006 876 2046 auditura
907 2005 1159 2056 eorundem,
1182 2005 1297 2059 quia,
1322 2012 1371 2047 ut
1403 2020 1430 2047 a
1456 2005 1653 2060 plurimis
1680 2005 1887 2046 asseritur

90 2088 136 2124 et
155 2083 366 2132 scribitur,
388 2084 487 2126 libri
515 2086 583 2126 sui
614 2097 693 2140 per
712 2099 814 2127 eum
846 2085 953 2127 editi
979 2092 1025 2127 et
1051 2087 1213 2140 scripti,
1233 2087 1278 2128 in
1298 2086 1501 2142 Anglicis
1521 2087 1665 2128 verbis
1687 2093 1731 2127 et
1752 2084 1885 2139 aliqui

90 2163 135 2205 in
171 2150 354 2215 Latinis
385 2165 610 2208 continent
641 2166 769 2220 plura
800 2166 911 2208 falsa
947 2172 991 2208 et
1022 2180 1235 2221 perversa,
1271 2174 1316 2209 et
1347 2168 1508 2222 scripta
1540 2171 1603 2218 4⁰r
1635 2172 1886 2208 sanctorum
1952 2166 1955 2172 '

90 2245 321 2286 doctorum
367 2244 590 2298 Jeronimi‚
638 2246 890 2302 Augustini,
942 2246 1179 2298 Ambrosii,
1232 2253 1277 2289 et
1326 2248 1446 2289 beati
1497 2247 1695 2301 Gregorii
1745 2260 1885 2300 papae,

91 2323 410 2378 reprehensiva.
484 2325 698 2369 Scribitur
736 2327 873 2370 eciam
915 2328 972 2368 de
1013 2328 1171 2369 eodem
1205 2327 1454 2382 Reginaldo
1492 2327 1646 2375 Pecok,
1684 2327 1803 2379 quod
1843 2327 1886 2367 in

91 2404 202 2446 libro
245 2417 338 2454 su0,
369 2418 502 2458 quem
550 2406 644 2460 ipse
691 2407 889 2450 intitulat
931 2408 1000 2449 De
1046 2407 1167 2457 Fide,
1208 2409 1314 2450 dicit
1354 2415 1398 2450 et
1443 2408 1603 2458 scribit,
1643 2407 1762 2460 quod
1803 2406 1887 2448 hoc

91 2485 260 2526 dictum
279 2484 399 2526 beati
419 2484 629 2539 Gregorii,
652 2486 828 2530 Omelia
850 2487 916 2539 26,
938 2491 948 2508 ‘
962 2488 1095 2530 Fides
1116 2502 1203 2529 non
1225 2488 1361 2531 habet
1383 2489 1586 2529 meritum
1607 2487 1675 2528 cui
1695 2486 1888 2528 humana

92 2564 203 2606 ratio
230 2564 399 2618 praebet
426 2565 793 2620 experimentum’
818 2575 885 2609 est
910 2568 1080 2618 falsum,
1102 2574 1147 2610 et
1173 2569 1311 2610 eciam
1333 2569 1395 2609 ibi
1426 2567 1562 2621 ponit,
1585 2567 1704 2620 quod
1731 2567 1888 2608 beatus

93 2643 328 2698 Gregorius
367 2645 626 2688 contradicit
667 2647 750 2689 sibi
789 2648 871 2703 ipsi
913 2648 1138 2702 Gregorio.
1221 2649 1335 2690 Item
1385 2647 1585 2689 scribitur
1628 2646 1685 2687 de
1731 2647 1888 2688 eodem

91 2724 298 2779 episcopo
339 2724 601 2779 Reginaldo,
640 2728 759 2780 quod
799 2730 918 2771 dicta
957 2729 1187 2770 doctorum
1238 2743 1326 2771 non
1371 2734 1474 2769 sunt
1524 2727 1754 2776 credenda,
1805 2728 1886 2769 nisi

92 2804 166 2845 illa
200 2804 386 2858 probent
426 2805 609 2847 naturali
644 2808 827 2860 racione,
860 2815 904 2850 et
944 2811 1063 2863 quod
1104 2823 1257 2852 sensus
1298 2822 1431 2851 sacrae
1472 2807 1695 2860 scripturae
1742 2807 1886 2849 nullus

943 2887 974 2918 Ο
1008 2889 1030 2917 2
