2456 3210
619 263 752 299 LOCI
784 263 824 297 E
860 261 1027 298 LIBRO
1073 261 1418 297 VERJTATwl.
1869 255 1920 294 61

125 419 359 460 peccamus
380 411 423 447 et
445 405 560 447 male
590 406 773 447 facimus
793 419 848 447 ne
870 418 928 446 ex
949 405 1092 446 amico
1121 402 1283 446 carnali
1314 403 1392 445 fiat
1422 403 1548 445 nobis
1579 403 1789 452 inimicus,
1811 410 1926 445 teste

126 485 292 528 Sancto
313 486 568 540 Augustino
588 499 719 540 super
739 484 953 526 Genisim.

241 566 302 608 Et
347 568 576 616 annuncia,
619 566 661 608 O
701 566 934 620 episcope!
984 578 1085 619 quae
1130 564 1311 606 Domini
1357 571 1460 606 sunt
1505 564 1683 618 populo,
1725 570 1770 605 et
1814 564 1926 605 alios

126 646 254 688 mitte
287 647 346 688 ad
381 645 737 687 annunciandum
766 646 951 686 verbum
983 645 1081 696 Dei,
1110 645 1214 699 quia
1246 645 1291 685 in
1323 645 1520 698 pluribus
1551 643 1645 697 jam
1682 644 1925 698 allegatum

125 733 194 767 est
222 740 301 780 per
329 733 545 768 statutum
570 726 848 780 provinciale,
883 726 1053 767 editum
1087 739 1166 779 per
1198 726 1460 766 instanciam
1490 724 1678 766 Thomae
1709 724 1926 775 Arundel,

124 806 438 861 archiepiscopi
489 805 825 857 Cantuariensis,
869 813 914 847 et
963 805 1204 847 bachillarii
1253 806 1415 847 artium
1467 805 1673 853 Oxoniae,
1728 805 1831 859 quia
1877 811 1927 846 ut

125 887 347 940 sapientes
386 887 616 939 affirmant,
657 888 716 929 ad
757 900 897 941 pauca
936 886 1183 940 respiciens,
1221 886 1382 927 timens
1421 900 1477 927 ne
1517 886 1620 927 mali
1660 885 1776 927 male
1815 899 1927 939 prae-

126 967 336 1019 dicarent,
371 968 528 1009 statuit
564 981 665 1009 cum
701 967 798 1008 aliis
833 968 1063 1021 episcopiS,
1099 966 1219 1020 quod
1259 966 1405 1007 nullus
1445 967 1705 1020 praedicaret
1743 967 1788 1007 in
1828 980 1927 1020 pro-

126 1047 268 1089 vincia
301 1047 618 1098 Cantuariensi,
652 1049 735 1089 nisi
776 1048 851 1101 qui
891 1047 1118 1089 licenciam
1158 1047 1352 1101 episcopi
1394 1048 1615 1088 diocesani
1654 1046 1724 1088 vel
1765 1053 1927 1088 metro-

126 1127 311 1180 politani
350 1127 546 1178 haberet,
577 1128 648 1169 vel
687 1129 762 1182 qui
798 1133 866 1169 est
900 1128 1120 1169 admissus
1153 1140 1181 1168 a
1217 1127 1315 1181 jure
1354 1127 1590 1168 communi.
1661 1127 1722 1168 Et
1757 1127 1927 1168 utinam

126 1213 219 1247 tam
254 1208 379 1262 proni
420 1215 464 1249 et
502 1209 666 1249 assidui
708 1214 855 1249 essent
894 1207 1101 1261 episcopi,
1135 1207 1192 1248 ad
1232 1207 1499 1248 mittendum
1539 1214 1584 1249 et
1595 1196 1927 1248 Vexhibendum

127 1293 324 1328 maturos
356 1289 665 1341 praedicatores
699 1295 744 1330 et
782 1288 984 1338 scientes,
1020 1289 1133 1328 sicut
1167 1287 1345 1329 fuerunt
1380 1288 1506 1341 proni
1541 1287 1598 1328 ad
1635 1287 1927 1329 ordinandum

127 1367 248 1420 quod
281 1368 424 1409 nullus
458 1370 715 1422 praedicaret
750 1370 845 1409 sine
879 1351 1071 1419 licencia,
1102 1374 1147 1409 et
1182 1368 1375 1417 licencia,
1411 1375 1461 1409 ut
1496 1367 1658 1421 pluries
1685 1368 1777 1421 jam
1812 1369 1928 1422 opti-

127 1453 266 1497 netur,
302 1461 403 1489 cum
439 1449 638 1503 pecunia.
681 1428 762 1492 lEt
797 1449 914 1489 idem
946 1436 1321 1502 A'rchiepiscopus
1349 1447 1552 1489 Arundel
1599 1455 1704 1489 ante
1739 1455 1928 1490 mortem

126 1540 265 1577 suam,
295 1529 357 1570 sic
389 1529 434 1569 in
464 1528 614 1583 lingua
645 1542 876 1584 percussus
906 1529 999 1579 fuit,
1028 1535 1078 1570 ut
1107 1542 1189 1570 nec
1216 1529 1434 1583 deglutire
1466 1542 1547 1570 nec
1579 1528 1700 1583 loqui
1723 1542 1803 1582 per
1834 1529 1929 1570 dies

126 1613 231 1649 ante
257 1616 445 1651 mortem
472 1623 598 1651 suam
620 1611 792 1664 potuit;
834 1617 878 1651 et
905 1611 966 1651 sic
993 1610 1115 1660 obiit,
1138 1616 1184 1651 et
1214 1616 1263 1651 ut
1284 1611 1486 1660 creditur,
1501 1610 1938 1670 q—uia-JEQAEQ'„

123 1688 929 1767 Qffim,
951 1691 995 1731 in
1025 1690 1175 1745 liffiga
1201 1704 1285 1744 sga
1307 1691 1370 1731 sic
1396 1703 1627 1744 percussus
1650 1690 1746 1731 suit.
1808 1691 1929 1742 Ideo,

127 1781 207 1822 per
225 1782 420 1810 amorem
439 1769 559 1823 Jesu,
580 1784 659 1811 vos
687 1771 881 1824 episcopi
910 1770 1070 1811 solvite
1096 1771 1267 1811 asinum
1289 1777 1334 1812 et
1354 1770 1536 1824 pullum,
1557 1771 1602 1812 id
1624 1777 1706 1820 est,
1726 1770 1929 1812 homines

128 1847 174 1889 in
213 1849 395 1891 miseriis
434 1849 576 1904 culpae
616 1857 662 1892 et
700 1864 847 1904 poenae
884 1850 1055 1904 ligatos,
1087 1857 1133 1892 et
1167 1850 1374 1892 adducite
1413 1851 1471 1892 ad
1506 1850 1672 1903 Jesum,
1706 1851 1811 1904 quia
1843 1851 1929 1892 hoc

129 1933 199 1969 est
225 1941 337 1982 opus
362 1936 519 1971 voetrae
546 1930 840 1984 professionis.
903 1931 1044 1972 Racio
1074 1931 1191 1971 enim
1218 1931 1412 1972 ostendit
1432 1937 1482 1972 ut
1507 1931 1620 1972 sicut
1649 1930 1753 1972 mali
1782 1938 1928 1972 essent

128 2007 298 2049 exclusi
331 2022 359 2050 a
394 2011 711 2063 praedicacione
744 2011 866 2053 verbi
905 2011 992 2052 Dei
1031 2016 1213 2065 propter
1251 2011 1416 2055 malum
1457 2025 1516 2052 ex
1555 2017 1655 2053 actu
1691 2025 1772 2052 suo
1807 2025 1928 2052 secu-

130 2093 289 2139 turum,
316 2089 377 2130 sic
405 2090 511 2131 boni
542 2097 587 2132 et
615 2091 804 2132 scientes
831 2091 1164 2145 providerentur
1190 2097 1236 2132 et
1262 2091 1550 2142 mitterentur,
1571 2098 1751 2145 propter
1780 2104 1930 2132 neces-

131 2167 245 2207 saria
270 2167 387 2209 bona
406 2183 507 2223 quae
525 2171 708 2212 verbum
730 2171 816 2212 Dei
840 2172 1101 2225 produceret
1128 2171 1173 2212 in
1199 2172 1370 2213 animas
1393 2172 1683 2213 credencium.
1744 2171 1806 2211 Et
1826 2172 1929 2224 quia

132 2253 308 2288 curatus
335 2260 423 2289 non
457 2256 605 2303 potest
641 2257 758 2292 recte
792 2252 1058 2293 annunciare
1096 2252 1177 2292 nisi
1210 2258 1327 2293 recte
1361 2253 1565 2293 attendat
1598 2258 1643 2292 et
1678 2258 1926 2304 cognoscat,

132 2325 233 2367 ideo
266 2327 493 2370 attendere
526 2329 671 2380 debet,
706 2337 756 2372 ut
790 2331 975 2385 vigilans
1010 2338 1163 2384 pastor
1195 2345 1328 2385 super
1365 2346 1545 2385 gregem
1580 2344 1707 2372 suum
1739 2330 1797 2371 ad
1834 2330 1928 2370 uni-

131 2419 258 2446 versa
287 2408 529 2453 necessaria
557 2410 640 2450 sibi
670 2416 715 2452 et
744 2411 909 2465 populo
940 2425 1020 2452 suo
1052 2411 1265 2460 universo,
1297 2418 1342 2453 et
1371 2411 1455 2453 hoc
1486 2412 1705 2453 cotidiana
1734 2410 1928 2451 solicitu-

132 2485 247 2537 dine,
268 2493 318 2528 ut
341 2486 460 2529 mala
482 2490 712 2542 evitentur,
733 2498 778 2533 et
805 2492 934 2543 bona,
957 2505 1057 2545 quae
1085 2506 1144 2533 ex
1171 2492 1323 2533 debito
1350 2491 1515 2581 fierent3
1526 2505 1627 2564 2non
1654 2491 1926 2565 ⁰¹3¹2tfftffntu‘·

134 2565 209 2607 Sic
263 2565 463 2607 hortatur
515 2569 742 2622 apostolus
796 2572 1026 2626 episcopos
1075 2571 1294 2613 Actorum
1342 2572 1562 2613 vicesimo.
1643 2567 1928 2620 ‘Attenditess

133 2645 287 2698 inquit,
308 2646 456 2687 ‘vobis
482 2652 527 2688 et
551 2649 750 2691 universo
775 2652 897 2705 gregi
925 2653 970 2693 in
991 2666 1080 2705 quo
1105 2666 1184 2693 vos
1212 2651 1402 2706 Spiritus
1430 2651 1619 2693 Sanctus
1645 2650 1791 2703 posuit
1815 2650 1928 2703 epis-

134 2722 295 2778 copos,’
316 2725 361 2765 id
393 2730 471 2776 est,
494 2729 917 2782 superintendentes,
941 2735 1115 2785 ‘regere
1146 2731 1373 2773 ecclesiam
1398 2743 1531 2784 quam
1563 2729 1798 2782 adquisivit
1828 2743 1928 2770 san-

137 2804 269 2858 guine
298 2803 405 2846 suo.’
466 2805 611 2860 Regit,
640 2809 715 2861 qui
750 2816 867 2851 recte
898 2811 1042 2860 docet,
1076 2818 1120 2853 et
1153 2812 1227 2865 qui
1260 2818 1376 2853 recte
1407 2811 1605 2863 imperat,
1638 2816 1683 2850 et
1719 2810 1928 2863 praecipst,
