2456 3210
469 271 550 311 140
969 264 1102 301 LOCJ
1135 265 1175 299 E
1212 264 1379 299 LIBRO
1425 264 1770 299 VERJTATUM

467 407 542 449 illa
579 422 740 462 magna
779 408 1017 450 vexatione
1058 408 1250 460 mentali,
1285 408 1417 450 beata
1450 407 1640 461 Brigitta
1681 407 1763 449 sibi
1803 407 1848 449 in
1890 409 2071 451 mentali
2105 409 2276 452 visione

466 496 546 530 aut
585 490 731 543 specie
780 489 964 543 fulgenti
1012 495 1254 544 apparente
1295 495 1339 530 et
1386 502 1487 529 cum
1525 488 1670 530 verbis
1714 488 1980 531 mentalibus
2028 504 2129 531 eum
2169 504 2274 532 con-

467 568 652 611 solante.
726 570 852 618 Item,
905 570 1007 611 novi
1057 577 1161 612 tunc
1212 569 1404 611 Oxoniae
1453 569 1676 623 quendam
1728 569 1988 624 magistrum
2033 571 2274 612 Ricardum

469 649 659 699 Tenant,
692 651 766 703 qui
797 650 1061 692 horribiliter
1091 657 1136 692 et
1166 650 1408 704 saepissime
1438 655 1628 692 vexatus
1659 656 1737 702 est,
1765 663 1993 704 possessus
2023 664 2050 692 a
2081 651 2276 705 maligno

470 731 639 784 spiritu,
670 731 740 772 vel
770 745 797 772 a
829 731 1031 786 malignis
1062 731 1295 785 spiritibus,
1328 730 1431 784 quia
1460 743 1635 784 semper
1664 730 1799 785 longo
1828 737 2029 786 tempore
2058 731 2276 782 clamavit,

470 811 595 864 ‘Ego
628 825 725 852 sum
756 812 1050 865 dampnatus!
1096 818 1141 853 et
1176 811 1395 854 sententia
1424 817 1491 852 est
1521 811 1637 862 data,
1669 811 1750 863 Ite,
1787 812 2021 861 maledicti,
2053 813 2098 854 in
2128 813 2275 867 ignem

471 891 728 933 aeternum!'
772 891 958 933 ‘Nullus
994 898 1063 934 est
1094 893 1216 934 Deus
1250 893 1332 933 nisi
1373 891 1632 945 dyabolusl'
1675 899 1720 934 et
1758 891 1842 934 hoc
1882 893 2125 947 saepissime
2160 892 2278 935 dixit

471 971 647 1026 publice
675 986 823 1013 coram
844 972 1053 1026 pluribus,
1075 979 1119 1014 et
1141 987 1212 1014 me
1239 973 1414 1014 dicente
1441 973 1535 1023 sibi,
1556 975 1566 993 ‘
1581 972 1633 1013 In
1655 974 1831 1014 nomine
1857 973 1964 1026 Jesu
1986 973 2077 1023 Xti,
2107 973 2276 1022 dicatis,

471 1052 578 1105 Jesu
611 1052 729 1093 Xte!
794 1053 917 1094 Deus
953 1060 998 1094 et
1032 1051 1190 1094 homo!
1239 1054 1443 1095 miserere
1474 1052 1587 1095 mei.’
1648 1053 1750 1106 Ipse
1781 1053 1912 1095 michi
1948 1067 2068 1108 saepe
2098 1067 2280 1108 respon-

473 1133 621 1181 debat,
653 1133 815 1182 dicens,
849 1134 978 1175 ‘Non
1017 1147 1198 1188 possum
1229 1134 1313 1175 hoc
1355 1134 1500 1176 dicere
1516 1133 1538 1185 ;'
1579 1138 1624 1176 et
1663 1139 1781 1184 tunc,
1822 1134 1978 1176 clausis
2009 1134 2135 1176 labiis
2174 1135 2280 1183 suis}¹

473 1213 674 1254 similiter
699 1214 850 1255 statim
872 1214 1030 1256 iterum
1050 1215 1183 1256 verba
1208 1215 1419 1269 praedicta
1445 1213 1709 1256 horribiliter
1735 1214 1951 1265 clamavit,
1972 1215 2132 1266 dicens,
2156 1215 2280 1269 ‘Ego

476 1308 575 1335 sum
604 1295 883 1348 dampnatus,
915 1309 997 1350 ego
1028 1310 1126 1337 sum
1157 1298 1436 1351 dampnatuS,
1467 1309 1555 1337 non
1586 1301 1652 1337 est
1680 1295 1804 1336 Deus
1836 1295 1916 1336 nisi
1947 1293 2204 1349 dyabolusl'
2235 1301 2282 1338 et

477 1375 862 1417 circumstantibus
895 1377 1077 1418 diversis
1107 1377 1369 1428 hominibus,
1406 1383 1451 1418 et
1487 1390 1546 1418 ex
1582 1376 1777 1417 motione
1811 1376 1939 1417 unius
1973 1377 2030 1418 ad
2068 1376 2281 1419 Sanctam

479 1456 714 1509 Brigittam
744 1471 954 1510 sponsam
986 1458 1066 1499 Xti
1097 1459 1334 1509 orantibus,
1365 1457 1601 1511 praedictus
1629 1456 1837 1510 magister
1868 1456 2082 1498 Ricardus
2106 1456 2283 1499 Tenant

479 1535 690 1577 liberatus
723 1536 805 1579 fuit
835 1538 893 1579 de
924 1539 1127 1580 manibus
1163 1540 1431 1587 daemonum,
1463 1543 1508 1579 et
1542 1537 1658 1578 dixit
1692 1550 1821 1590 saepe,
1853 1535 1917 1578 ‘O
1951 1537 2144 1579 Domine
2175 1537 2281 1590 Jesu

483 1615 602 1656 Xte!
637 1617 840 1658 miserere
862 1618 976 1659 mei?
1036 1619 1181 1673 ‘Ego‚’
1210 1619 1364 1673 inquit,
1391 1623 1401 1640 ‘
1418 1618 1479 1659 fui
1508 1617 1623 1659 male
1646 1622 1835 1658 vexatus
1853 1614 1878 1668 ;'
1908 1623 1953 1658 et
1979 1623 2134 1671 postea
2164 1631 2283 1672 saepe

483 1695 707 1738 osculatus
739 1705 805 1739 est
835 1700 1090 1752 ymaginem
1124 1700 1204 1740 Xti
1234 1700 1339 1752 Jesu
1372 1698 1567 1740 crucifixi
1599 1711 1678 1752 pro
1710 1698 1861 1748 nobis;
1893 1703 1937 1739 et
1967 1703 2123 1751 postea
2153 1712 2283 1752 saepe,

484 1790 557 1817 me
586 1777 804 1826 audiente,
833 1778 1022 1820 ‘Sancta
1051 1780 1260 1833 Brigitta!
1292 1794 1368 1821 ora
1400 1793 1479 1833 pro
1512 1777 1682 1829 nobis;’
1711 1785 1755 1819 et
1786 1778 1972 1831 receptis
2002 1780 2285 1820 sacramentis

484 1856 679 1898 ecclesiae
712 1857 822 1898 infra
854 1858 1037 1900 biduum
1069 1866 1170 1914 post
1200 1874 1327 1901 suam
1357 1859 1660 1901 liberationem
1691 1865 1889 1900 mortuus
1919 1865 1996 1909 est,
2028 1859 2072 1899 in
2103 1859 2176 1900 die
2196 1859 2285 1901 Ve-

486 1937 612 1987 neris,
641 1943 685 1978 et
717 1938 760 1978 in
787 1938 934 1992 vigilia
967 1940 1237 1982 Pentecostis
1260 1940 1451 1983 Oxoniae
1482 1939 1679 1993 sepultus
1713 1939 1756 1979 in
1789 1938 1971 1979 ecclesia
1998 1939 2286 1981 sanctissimae

489 2017 644 2059 Mariae
674 2032 847 2072 semper
873 2020 1076 2073 virgini53
1107 2035 1240 2074 quarn
1275 2021 1503 2063 historiam
1536 2019 1685 2074 scripsi
1720 2018 1849 2060 latius
1886 2019 1930 2059 in
1961 2020 2052 2061 vita
2088 2019 2285 2073 ejusdem

488 2098 667 2140 Sanctae
701 2099 911 2153 Brigittae,
942 2114 1075 2154 quam
1105 2103 1243 2143 vitam
1285 2116 1369 2156 ego
1408 2099 1612 2143 transtuli
1652 2100 1709 2141 de
1750 2098 1911 2140 Latino
1951 2100 1995 2140 in
2030 2099 2284 2154 Anglicum‚

488 2179 709 2220 sororibus
739 2186 783 2221 et
808 2180 1070 2222 monialibus
1093 2182 1148 2223 de
1176 2183 1329 2223 ordine
1351 2181 1502 2224 Sancti
1525 2179 1768 2222 Salvatoris
1792 2179 1835 2219 in
1862 2181 2127 2222 monasterio
2149 2180 2286 2234 Syon;

490 2261 800 2312 Londiniensis
825 2261 1065 2303 dioceseos.
1129 2263 1241 2304 Haec
1273 2277 1378 2317 ergo
1409 2261 1574 2311 mulier,
1601 2265 1754 2300 sancta
1783 2273 1945 2312 sponsa
1975 2261 2056 2303 Xti
2084 2261 2285 2316 Brigitta,

491 2356 698 2396 magnam
730 2342 832 2384 fecit
863 2342 1164 2384 confusionem
1195 2344 1238 2384 in
1270 2344 1405 2384 domo
1434 2340 1640 2396 principis
1670 2340 1959 2382 tenebrarum.

607 2429 658 2472 [p.
681 2428 753 2473 89]
813 2428 1028 2464 Mandata
1058 2428 1153 2464 Dei.
1215 2424 1360 2464 Nimis
1396 2435 1451 2463 ne
1486 2421 1597 2463 alius
1632 2420 1727 2462 haec
1764 2434 1851 2462 non
1882 2421 1925 2462 in
1957 2422 2192 2464 distortum
2223 2423 2287 2463 in-

490 2508 632 2544 vertat
680 2503 822 2557 prima
868 2503 1066 2544 custodia
1109 2503 1160 2544 fit
1210 2504 1466 2552 imitatione,
1514 2506 1558 2543 2³
1593 2499 1846 2551 eruditione,
1893 2508 1939 2556 3³
1979 2502 2287 2556 disputationis

492 2583 758 2625 defensione.
833 2583 946 2625 Haec
982 2583 1186 2624 dominus
1225 2582 1544 2629 Lincolniensis
1588 2581 1743 2623 doctor
1783 2581 2005 2624 Robertus
2048 2582 2288 2633 Grosteste,

492 2664 567 2716 qui
595 2664 677 2705 fuit
708 2665 932 2718 quondam
963 2662 1310 2717 archidyaconus
1341 2661 1619 2716 Leycestriae‚
1650 2667 1694 2703 et
1724 2669 1878 2716 postea
1905 2663 2135 2717 episcopus
2165 2662 2288 2717 Lyn-

491 2743 734 2794 colniensis‚
761 2751 926 2786 sanctae
954 2744 1187 2794 memoriae,
1217 2750 1261 2786 et
1291 2743 1426 2784 habet
1456 2742 1551 2783 haec
1582 2742 1792 2795 praedicta
1823 2743 1867 2784 in
1898 2743 2180 2798 exposicione
2208 2756 2289 2784 sua

493 2825 667 2877 propria
696 2831 741 2867 et
770 2827 947 2880 propria
975 2838 1106 2867 manu
1137 2838 1216 2865 sua
1246 2824 1407 2877 scripta
1443 2835 1574 2876 super
1604 2822 1875 2873 Psalterium,
1906 2837 2036 2878 super
2066 2822 2289 2865 Psalmum
