2456 3210
691 318 821 354 LOCI
855 317 893 352 E
931 317 1098 352 LIBRO
1144 317 1490 354 VERJTATUM.
1917 316 1994 369 167

309 468 364 512 [p.
388 467 477 510 182]
537 466 842 512 Dispensaeio.
906 460 1036 502 Heu!
1081 459 1196 502 heu!
1236 459 1332 513 jam
1368 467 1585 502 crassatus
1620 466 1665 503 et
1698 461 1998 516 impinguatus

195 542 464 598 pinguedine
497 542 791 594 ecclesiarum,
827 547 988 596 sponte
1019 554 1069 582 se
1100 540 1270 594 ingerit,
1302 548 1348 583 et
1376 541 1538 583 effrons
1569 555 1596 584 a
1626 555 1743 597 papa
1773 544 1886 597 petit
1916 545 1998 585 sibi

195 624 413 678 provideri
441 625 484 664 in
509 637 819 678 quamcunque
847 622 1113 676 dignitatem
1133 621 1329 664 ecclesiae
1361 627 1406 664 et
1436 622 1628 664 officium
1656 624 1750 665 sine
1780 624 2000 667 eleccione

195 717 470 758 quacunque,
512 711 562 746 ut
611 705 713 745 novi
757 703 852 757 jam
893 704 937 743 in
982 701 1139 744 diebus
1185 700 1307 751 meis,
1349 709 1396 744 et
1445 703 1678 757 episcopus
1727 705 1901 748 curialis
1952 712 1998 748 et

196 783 464 826 caesariensis
502 797 582 839 per
619 784 828 839 pecunias
868 782 1073 836 optinuit,
1115 787 1165 823 ut
1199 782 1505 836 septingentas
1545 783 1679 825 libras
1719 784 1777 826 de
1816 786 1999 827 diversis

197 864 391 907 ecclesiis
417 864 645 907 annuatim
666 864 859 918 recipiat,
881 863 939 905 de
970 862 1165 904 ecclesiis
1194 863 1240 903 in
1268 875 1402 904 manu
1433 877 1513 904 sua
1538 865 1720 906 retentis
1746 864 1855 907 citra
1884 866 1999 920 epis-

197 949 405 998 copatum
451 944 570 986 mille
620 957 876 994 marcarum,
918 957 1051 997 quem
1102 949 1262 997 praeter
1307 942 1431 984 illam
1480 957 1703 985 summam
1753 946 1998 1000 acquisivit,

198 1025 401 1078 quamvis
434 1026 479 1067 in
515 1026 634 1067 curia
669 1025 903 1079 temporali
940 1025 1102 1066 mansit
1137 1037 1312 1078 semper
1343 1031 1584 1079 occupatus
1619 1027 1854 1069 mundanis
1893 1028 2000 1070 acti-

198 1105 292 1156 bus,
313 1106 391 1147 sed
418 1105 519 1147 Deo
544 1105 714 1160 gracias
743 1106 847 1160 quia
874 1106 918 1146 in
943 1118 1079 1159 regno
1109 1104 1348 1158 impeditus
1378 1104 1461 1147 fuit
1489 1105 1548 1147 ab
1578 1107 1847 1149 execucione
1874 1108 2001 1150 istius

198 1185 417 1240 pestiferae
446 1186 749 1237 concessionis,
780 1199 879 1240 quae
911 1185 1005 1239 jam
1039 1184 1349 1227 ‘commenda’
1377 1192 1589 1237 vocatur;
1630 1187 1709 1228 sed
1745 1187 1846 1229 talis
1880 1202 2000 1230 com-

198 1265 361 1307 menda
399 1280 488 1308 non
526 1272 594 1309 est
632 1268 676 1308 in
716 1267 901 1309 tutelam
933 1266 1151 1307 bonorum
1192 1272 1371 1307 actuum
1405 1272 1451 1308 et
1490 1266 1534 1308 in
1571 1267 2000 1321 multiplicacionem,

198 1346 277 1387 sed
317 1346 362 1387 in
404 1346 596 1401 plurium
630 1347 846 1389 bonorum
886 1346 1248 1396 destruccionem,
1282 1352 1327 1388 et
1367 1346 1559 1400 plurium
1599 1347 1817 1390 malorum
1852 1350 2000 1392 multi-

198 1426 497 1481 plicacionem,
526 1433 576 1469 ut
603 1434 729 1483 patet
758 1427 955 1482 pluribus
986 1426 1221 1468 evidenciis
1251 1433 1297 1468 et
1327 1427 1654 1481 experimentis.

314 1513 367 1558 [μ
391 1513 482 1557 183]
541 1508 690 1562 Reges
720 1507 816 1561 jam
852 1514 898 1549 et
932 1507 1126 1561 episcopi
1165 1513 1210 1548 et
1250 1506 1417 1548 domini
1452 1508 1784 1561 adquisiverunt
1822 1509 2001 1564 dispen-

199 1587 396 1630 saciones
425 1595 471 1631 et
500 1587 704 1631 licencias
733 1602 760 1630 a
788 1588 1005 1629 Romanis
1031 1586 1326 1641 pontificibus,
1357 1592 1406 1628 ut
1436 1601 1537 1629 cum
1568 1588 1654 1629 illis
1684 1589 1728 1630 in
1752 1590 1881 1631 curiis
1911 1591 2001 1633 suis

200 1674 246 1709 et
287 1668 441 1710 officiis
481 1670 713 1719 resideant,
746 1669 822 1723 qui
859 1670 903 1709 in
936 1668 1132 1709 ecclesiis
1168 1667 1257 1708 suis
1292 1674 1337 1709 et
1372 1668 1415 1708 in
1449 1668 1642 1710 ecclesiis
1676 1669 2002 1712 cathedralibus

202 1755 247 1790 et
279 1749 473 1803 collegiis
509 1751 697 1792 residere
728 1756 947 1791 tenentur.
1010 1747 1163 1789 Unum
1194 1747 1289 1800 jam
1323 1754 1479 1789 notum
1515 1755 1602 1799 est,
1626 1750 1746 1803 quod
1781 1750 1886 1792 boni
1921 1752 2001 1793 viri

201 1828 276 1882 qui
314 1814 620 1883 obligaverunt
658 1830 893 1885 gardianos
933 1835 976 1870 et
1017 1828 1211 1869 decanos
1250 1834 1295 1869 et
1333 1829 1587 1871 sacerdotes
1626 1829 1735 1871 alios
1776 1844 2002 1873 remanere

201 1914 247 1949 et
282 1909 471 1952 residere
510 1910 556 1952 in
587 1910 695 1952 locis
728 1924 808 1965 per
841 1923 918 1951 eos
958 1909 1153 1950 fundatis
1187 1907 1513 1959 defraudantur,
1549 1915 1594 1951 et
1628 1923 1780 1952 eorum
1815 1911 2001 1954 intentio

202 2001 290 2029 non
329 1996 536 2043 servatur,
566 1992 670 2046 quia
698 1991 868 2033 fundati
910 2004 988 2044 per
1028 2003 1103 2031 eos
1141 1988 1246 2029 alibi
1286 1989 1488 2041 resident,
1521 1996 1567 2032 et
1596 1989 1693 2032 loca
1731 1990 1916 2033 fundata
1957 1999 2002 2034 et

200 2068 319 2110 bona
350 2069 409 2111 ibi
441 2071 588 2114 fienda
622 2078 821 2126 pereunt.
892 2069 1160 2112 Remedium
1194 2069 1312 2111 enim
1345 2075 1500 2112 contra
1531 2072 1617 2113 ista
1651 2072 1770 2114 mala
1804 2078 1931 2122 esset,
1963 2073 2000 2113 si

201 2148 455 2192 fundatores
483 2151 555 2195 vel
588 2166 739 2195 eorum
769 2164 1042 2194 successores
1077 2149 1260 2191 firmiter
1290 2150 1541 2192 ordinarent
1580 2151 1662 2192 sub
1694 2152 1864 2204 magnis
1904 2166 2000 2206 poe-

202 2229 281 2279 nis,
303 2230 424 2283 quod
454 2231 491 2272 si
517 2232 676 2287 aliquis
701 2246 782 2287 per
808 2246 910 2274 eum
944 2231 1163 2281 fundatus,
1183 2229 1229 2271 in
1258 2237 1379 2272 certo
1403 2230 1500 2272 loco
1526 2237 1777 2286 acceptaret
1806 2231 2000 2285 aliquam

202 2308 433 2352 licenciam
472 2318 623 2354 contra
660 2312 936 2354 voluntatem
978 2317 1022 2352 et
1066 2315 1284 2351 statutum
1333 2309 1588 2360 fundatoris,
1631 2312 1726 2365 ipso
1775 2310 1894 2352 facto
1942 2312 2000 2353 sit

202 2389 398 2443 privatus
436 2391 494 2432 ab
532 2393 653 2434 omni
687 2391 785 2445 jure
824 2393 881 2434 ad
921 2391 1101 2445 aliquod
1141 2390 1308 2431 bonum
1347 2391 1570 2443 pertinens
1609 2390 1802 2432 fundatis
1841 2391 1884 2431 in
1920 2391 1999 2432 tali

203 2469 386 2511 ecclesia
416 2470 486 2512 vel
515 2470 593 2512 tali
625 2471 734 2523 loco,
761 2479 806 2515 et
837 2473 976 2515 eciam
1007 2471 1235 2513 ordinetur
1268 2483 1348 2523 per
1377 2469 1657 2513 fundatorem
1689 2470 1759 2512 vel
1791 2484 1870 2524 per
1898 2484 1998 2524 par-

204 2549 463 2592 liamentum
494 2552 628 2605 regni,
662 2558 713 2594 ut
740 2552 880 2595 haerae
912 2567 988 2594 seu
1018 2564 1241 2593 successor
1272 2549 1515 2592 fundatoris
1550 2552 1693 2605 ipsum
1730 2549 1926 2603 expellat
1961 2552 1997 2592 si

204 2630 382 2671 statutis
430 2629 673 2673 fundatoris
719 2632 900 2675 obedire
948 2632 1146 2682 noluerit,
1199 2637 1244 2672 et
1284 2637 1430 2673 careat
1478 2631 1579 2673 talis
1629 2630 1748 2671 omni
1792 2630 1998 2685 suffragio

203 2710 530 2765 appellacioniS,
551 2717 600 2753 ut
631 2710 764 2752 nichil
790 2712 874 2754 sibi
897 2712 1043 2754 valeat
1073 2710 1333 2766 appellacio,
1353 2711 1388 2752 si
1419 2718 1572 2753 contra
1599 2710 1870 2751 voluntatem
1901 2710 1998 2751 fun-

204 2791 372 2834 datoris
410 2790 555 2832 faeiat.
632 2790 760 2832 Heu!
810 2791 922 2834 heu!
972 2793 1091 2846 quod
1133 2805 1256 2845 reges
1296 2797 1341 2833 et
1381 2791 1547 2833 domini
1588 2796 1632 2831 et
1676 2789 1869 2843 episcopi
1909 2804 1999 2833 non

205 2871 483 2913 considerant
513 2871 736 2925 quomodo
769 2871 948 2914 clericos
979 2886 1081 2914 suos
1117 2878 1161 2914 et
1191 2870 1441 2925 capellanos
1472 2877 1517 2912 et
1547 2868 1776 2911 officiarios
1806 2870 1863 2911 de
1898 2884 1997 2924 pro-
