2456 3210
479 226 529 277 76
977 231 1106 268 LOCI
1143 232 1180 267 E
1220 230 1384 267 LIBRO
1433 229 1775 268 VERJTATUM.

481 371 721 426 Romanus,
768 374 921 416 doctor
969 375 1105 430 Hugo
1153 375 1208 417 de
1250 375 1434 425 Vienna,
1483 388 1614 429 super
1660 371 2015 427 Ecclesiasticum
2063 377 2107 414 et
2152 385 2282 428 super

481 452 727 496 Proverbia.

596 534 810 589 Quintum
842 535 1005 578 flumen
1038 536 1304 578 Babilonicae
1335 535 1599 577 confusionis
1631 540 1675 576 et
1707 534 1903 584 miseriae,
1935 533 2082 588 plures
2112 533 2281 574 animas

479 615 720 667 destruens,
742 623 808 658 est
835 616 997 658 abusus
1025 617 1286 658 sacramenti
1315 615 1591 670 poenitenciae
1618 621 1662 656 et
1682 614 1804 656 falsae
1831 613 1946 666 fidei,
1968 627 2054 668 qua
2079 613 2282 656 homines

480 696 666 738 credunt
699 711 745 738 se
777 697 940 739 habere
974 711 1123 739 veram
1155 697 1329 739 veniam
1363 697 1504 751 culpae
1528 692 1585 737 ‘et
1616 709 1761 750 poenae
1794 703 1971 738 aeternae
2003 710 2030 737 a
2061 697 2172 748 Deo,
2203 706 2283 750 per

480 777 805 819 absolucionem
836 779 1088 828 sacerdotis,
1111 779 1311 834 quamvis
1339 791 1487 820 coram
1516 778 1615 820 Deo
1646 791 1735 819 non
1764 777 1931 820 habent
1960 791 2110 820 veram
2141 777 2283 832 poeni-

480 858 681 910 tenciam,
713 872 792 901 nec
826 872 975 901 veram
1012 860 1283 902 aversionem
1314 873 1341 901 a
1376 860 1580 913 peccatis,
1612 873 1691 901 nec
1726 873 1875 901 veram
1904 859 2144 901 voluntatis
2179 871 2298 923 con-⁴

481 938 723 980 versionem
768 940 826 981 ad
876 940 993 982 bona
1042 953 1187 994 opera,
1228 940 1285 981 ad
1335 953 1435 994 quae
1477 939 1574 994 jure
1618 946 1785 981 naturae
1827 947 1872 982 et
1912 939 1956 981 in
1993 939 2091 993 jure
2135 940 2283 982 divino

482 1018 745 1072 obligantur.
810 1021 937 1063 Heu!
971 1035 1022 1062 eo
1048 1022 1167 1075 quod
1190 1021 1335 1075 plures
1356 1021 1520 1071 dicunt,
1546 1024 1555 1042 ⁶
1570 1019 1777 1062 Faciliter
1798 1020 1920 1062 Deus
1942 1020 2126 1062 remittit
2151 1034 2283 1062 omne

483 1098 672 1151 malum,’
703 1107 747 1142 et
778 1101 877 1142 ideo
908 1115 996 1143 non
1028 1108 1182 1143 curant
1219 1102 1335 1143 mala
1371 1115 1501 1156 agere
1533 1115 1612 1143 nec
1644 1101 1801 1151 dicere,
1835 1115 1923 1142 non
1955 1102 2283 1143 considerantes

482 1181 600 1234 quod
624 1181 745 1222 Deus
768 1182 900 1224 dicit:
934 1182 1055 1223 ‘Nisi
1078 1183 1390 1237 poenitenciam
1417 1183 1605 1237 egeritis,
1627 1195 1781 1223 omnes
1805 1180 2005 1223 similiter
2029 1178 2284 1236 perhibitis,’

482 1268 538 1313 et,
562 1262 689 1303 ‘Non
717 1263 860 1304 omnis
887 1263 960 1317 qui
989 1263 1094 1305 dicit
1123 1263 1266 1314 michi,
1299 1263 1517 1305 Domine!
1562 1263 1779 1304 Domine!
1814 1262 1996 1304 intrabit
2028 1263 2071 1303 in
2100 1275 2283 1316 regnum

483 1341 706 1391 coelorum,
729 1343 806 1384 sed
827 1343 900 1397 qui
931 1343 1036 1385 facit
1065 1344 1339 1386 voluntatem
1371 1344 1511 1386 Patris
1543 1344 1640 1394 mei,
1662 1343 1736 1397 qui
1767 1342 1811 1384 in
1842 1343 1964 1384 coelis
1997 1341 2089 1385 est.’
2151 1342 2283 1384 Heu!

483 1422 586 1475 quia
617 1423 691 1476 qui
725 1437 812 1464 non
842 1430 994 1466 curant
1025 1438 1217 1478 peccare,
1248 1426 1352 1479 quia
1383 1425 1506 1466 Deus
1537 1424 1630 1466 vult
1666 1424 1887 1465 remittere
1915 1437 2018 1465 vere
2053 1422 2284 1471 conversis,

484 1502 660 1554 faciunt,
697 1503 740 1544 in
774 1517 907 1557 quam
942 1504 987 1545 in
1020 1505 1124 1559 ipsis
1161 1512 1239 1557 est,
1273 1506 1391 1559 quod
1427 1505 1602 1547 bonitas
1639 1504 1725 1546 Dei
1766 1503 1823 1545 sit
1860 1516 1991 1545 causa
2026 1517 2161 1557 quare
2200 1503 2285 1558 ipsi

485 1596 665 1637 peccare
699 1598 785 1625 non
821 1592 986 1627 curant.
1050 1586 1110 1629 Et
1145 1587 1308 1629 talibus
1339 1586 1445 1629 dicit
1478 1587 1708 1637 Dominus,
1735 1584 1834 1626 ‘An
1866 1584 2018 1626 oculus
2051 1581 2177 1635 tuus,’
2202 1584 2230 1625 i.
2247 1598 2285 1626 e.

485 1663 688 1705 voluntas
713 1670 799 1714 tua,
825 1669 1036 1719 ‘nequam
1060 1674 1137 1718 est,
1159 1668 1262 1721 quia
1283 1680 1366 1722 ego
1385 1667 1527 1708 bonus
1555 1680 1652 1708 sum
1662 1664 1691 1708 ?’
1729 1665 1899 1707 Mathei
1919 1664 2150 1716 vicesim03
2182 1664 2287 1718 quia

486 1744 610 1786 Deus
641 1742 881 1787 misericors
913 1753 978 1788 est
1007 1761 1109 1788 vere
1139 1749 1371 1800 conversis,
1404 1748 1504 1789 ideo
1536 1761 1624 1788 non
1655 1752 1810 1788 curant
1840 1759 2019 1800 peccare
2050 1751 2095 1786 et
2125 1744 2285 1786 salsum

485 1825 669 1867 credunt
704 1825 760 1866 de
796 1825 906 1875 Deo,
938 1826 1102 1869 scilicet
1134 1828 1281 1869 Deum
1318 1829 1422 1870 dare
1457 1828 1518 1869 sic
1552 1827 1738 1879 veniam,
1773 1826 1978 1880 graciam,
2017 1831 2061 1868 et
2095 1825 2283 1880 gloriam

487 1905 622 1946 modo
653 1919 741 1959 quo
772 1906 853 1959 ipsi
883 1906 1047 1959 volunt,
1075 1922 1163 1950 non
1194 1910 1520 1951 considerantes
1550 1909 1670 1963 quod
1701 1907 1918 1949 Dominus
1948 1906 2054 1948 dicit
2081 1905 2286 1959 Jeremiae

487 1986 642 2039 quinto
683 1986 867 2037 decimo,
898 1987 970 2031 ‘Si
1011 1989 1192 2043 Moyses
1227 1997 1271 2032 et
1308 1990 1489 2032 Samuel
1532 1994 1705 2031 orarent
1745 2001 1824 2042 pro
1865 1986 2031 2042 populo
2071 1987 2167 2038 isto,
2198 1999 2286 2028 non

488 2066 726 2108 exaudiam
758 2064 858 2118 eOS,’
893 2067 1066 2118 scilicet,
1099 2076 1146 2110 ut
1186 2069 1374 2124 populus
1414 2069 1587 2112 veniam
1626 2068 1820 2110 habeant
1860 2074 1904 2110 et
1942 2066 2147 2122 graciam,
2185 2066 2288 2120 quia

488 2159 568 2187 nec
613 2146 824 2189 omittunt
866 2147 983 2188 mala
1029 2149 1178 2190 debito
1223 2151 1371 2200 modo,
1413 2163 1493 2191 nec
1539 2148 1704 2191 faciunt
1748 2148 1866 2189 bona
1905 2160 2039 2201 opera
2081 2147 2138 2188 ad
2187 2159 2286 2199 quae

488 2232 704 2268 tenentur.
756 2227 974 2268 Dominus
1000 2229 1116 2269 enirn
1137 2230 1252 2271 dixit
1275 2229 1518 2272 Ezechielis
1540 2228 1677 2282 xviij0,
1699 2227 1774 2270 ‘Si
1799 2227 1958 2282 impius
1983 2226 2121 2281 egerit
2145 2226 2287 2280 poeni-

490 2307 681 2347 tenciam
721 2307 777 2348 ab
818 2307 1022 2348 omnibus
1062 2310 1252 2362 peccatis
1301 2310 1389 2351 suis
1434 2323 1534 2364 quae
1583 2314 1787 2362 operatus
1829 2313 1907 2358 est,
1947 2312 1992 2348 et
2031 2305 2287 2348 custodierit

491 2387 690 2428 universa
722 2393 943 2441 praecepta
984 2386 1104 2439 mea,’
1139 2389 1311 2440 scilicet,
1348 2404 1447 2444 quae
1479 2390 1621 2431 facere
1653 2389 1798 2439 debet,
1835 2387 1948 2429 ‘vita
1976 2387 2094 2428 vivet
2124 2391 2169 2427 et
2198 2398 2286 2427 non

492 2466 726 2517 morietur‚'
763 2467 806 2508 id
848 2473 925 2519 est,
961 2474 1065 2509 tunc
1101 2482 1127 2509 a
1163 2469 1262 2511 Deo
1302 2484 1390 2512 non
1431 2470 1729 2524 separabitur3
1770 2481 1899 2523 super
1928 2481 2017 2521 quo
2056 2472 2185 2508 textu
2226 2466 2288 2507 sic

492 2548 638 2589 scribit
672 2548 860 2590 Sanctus
891 2547 1150 2601 Jeronimus‚
1182 2551 1336 2592 doctor
1366 2551 1569 2602 coelestis,
1599 2552 1643 2592 in
1671 2547 2009 2592 Commentariis
2039 2547 2128 2588 suis
2158 2557 2289 2600 super

493 2626 784 2671 Ezechielem.
843 2629 970 2680 Vide,
1003 2629 1179 2683 qualem
1216 2631 1504 2684 poenitentem
1541 2630 1722 2685 suscipit
1758 2629 1884 2671 Deus
1918 2628 1975 2670 ad
2015 2627 2206 2681 graciam
2243 2632 2288 2667 et

492 2709 692 2761 veniam3
733 2709 910 2760 scilicet,
943 2723 1043 2751 eum
1075 2710 1149 2764 qui
1180 2724 1280 2751 vere
1310 2725 1336 2751 a
1367 2712 1557 2765 peccatis
1588 2711 1808 2762 avertitur,
1839 2715 1883 2751 et
1914 2708 1971 2750 ad
2007 2708 2125 2749 bona
2155 2719 2288 2760 opera

495 2788 643 2830 debita
675 2797 791 2832 recte
822 2789 1099 2833 convertitur.
1159 2790 1321 2832 Videat
1354 2804 1456 2844 ergo
1493 2792 1724 2844 poenitens,
1756 2797 1799 2832 et
1831 2789 2065 2844 diligenter
2093 2800 2119 2828 a
2150 2785 2287 2828 scien-
