2456 3210
703 321 835 357 LOCJ
868 320 908 355 E
946 319 1112 355 LJBRO
1143 318 1361 353 .VERJTA
1372 317 1506 353 TUM.
1928 319 2008 363 173

325 468 372 514 [p.
396 468 486 515 192.]
546 462 588 505 O
616 463 758 518 papa!
794 463 908 514 vide,
929 462 1042 513 vide,
1061 461 1174 513 vide,
1205 474 1261 502 ne
1290 459 1566 515 dispensacio
1596 465 1685 510 tua,
1710 459 1738 499 i.
1754 473 1790 501 e.
1812 458 2007 508 licencia,

203 558 232 587 a
257 550 304 587 te
330 545 450 596 data,
480 550 526 586 et
555 543 650 598 ejus
679 557 783 585 usus
814 557 891 585 seu
921 543 1095 592 abusus,
1126 542 1184 584 sit
1213 542 1398 584 offensio
1428 541 1498 584 vel
1528 542 1801 592 scandalum,
1828 541 1855 582 i.
1873 556 1911 583 e.
1932 555 2007 583 oc-

203 625 333 675 casio,
376 625 542 666 motiva
579 624 637 667 ad
679 623 845 665 malum
885 623 1083 678 pluribus
1106 623 1378 674 ‚hominibus
1417 636 1495 678 per
1534 637 1662 665 usum
1702 637 1780 664 seu
1819 623 2007 664 abusum

203 705 320 747 illius
351 718 552 759 personae
587 705 656 746 cui
686 704 857 758 praebes
887 704 1266 758 dispensacionem
1296 718 1374 746 seu
1403 703 1632 746 licenciam
1661 704 1720 745 ad
1756 703 2005 745 faciendum

203 786 372 840 aliquid
402 784 473 827 vel
507 786 566 827 ad
600 797 689 826 non
723 784 974 826 faciendum
1005 784 1187 838 aliquid,
1215 785 1336 838 quod
1366 784 1533 827 sactum
1564 791 1681 827 recte
1715 784 1828 826 forte
1862 784 2009 838 placet

203 865 318 915 Deo,
359 872 405 907 et
442 864 528 907 hoc
567 865 686 919 quod
726 865 851 906 Deus
891 870 1013 906 amat
1055 864 1150 906 fieri
1189 878 1269 919 per
1315 871 1439 907 tuam
1487 866 1728 908 licenciam.
1803 865 1845 908 O
1891 880 2010 920 papa

204 946 390 989 Romae!
430 946 669 988 destruitur
699 952 746 988 et
780 945 1026 997 retrahitur,
1062 945 1175 987 sicut
1205 945 1299 999 jam
1332 946 1563 989 manifeste
1596 954 1721 1001 patet
1752 947 1797 989 in
1827 946 2008 1002 Anglia,

204 1034 251 1070 et
295 1027 341 1069 in
381 1026 579 1081 pluribus
618 1026 810 1069 licenciis
860 1025 1077 1068 concessis
1122 1040 1150 1067 a
1193 1039 1323 1081 papa,
1366 1028 1486 1081 quod
1525 1028 1727 1070 homines
1775 1034 1879 1070 sunt
1930 1042 2010 1070 ex-

204 1108 344 1163 empti
390 1107 448 1149 ab
496 1107 808 1148 observacione
858 1106 1068 1161 regularis
1116 1105 1395 1160 professionis
1444 1114 1490 1150 et
1538 1109 1846 1158 observanciae,
1894 1114 1940 1150 et
1983 1122 2010 1149 a

204 1188 479 1232 correccione
527 1188 594 1229 sui
643 1187 850 1241 episcopi.
932 1186 1060 1238 Item,
1109 1187 1292 1229 licencia
1345 1202 1474 1243 papae
1528 1190 1586 1231 de
1634 1189 1885 1244 pluralitate
1931 1189 2010 1230 ha-

203 1270 362 1320 benda,
401 1282 479 1310 seu
514 1269 572 1310 ad
611 1268 700 1309 duo
740 1268 1089 1322 incompatibilia
1129 1268 1355 1311 beneficia.
1428 1270 1556 1322 Item,
1595 1270 1778 1312 licencia
1816 1270 2010 1324 pessima

204 1352 262 1393 de
297 1349 490 1392 ecclesiis
527 1348 862 1403 parochialibus
896 1362 996 1402 quae
1037 1355 1183 1390 essent
1217 1356 1348 1391 rectae
1385 1364 1465 1404 per
1498 1351 1640 1393 bonos
1676 1358 1877 1401 rectores,
1909 1366 2010 1406 quae

204 1433 267 1473 ita
312 1430 649 1486 appropriantur
693 1430 970 1471 monasteriis
1020 1435 1065 1470 et
1115 1429 1308 1471 ecclesiis
1356 1431 1601 1485 collegiatis
1648 1446 1727 1474 seu
1777 1433 2009 1474 cathedra-

203 1512 331 1563 libus,
379 1511 499 1565 quod
549 1511 882 1565 approprietarii
930 1510 1212 1552 ecclesiarum
1260 1525 1349 1553 non
1398 1519 1606 1555 tenentur
1653 1527 1733 1567 per
1781 1514 2010 1556 licenciam

204 1606 334 1647 papae
369 1605 452 1633 nec
487 1590 700 1632 exhibere
731 1590 1006 1645 parochianis
1046 1590 1254 1642 ecclesiae,
1285 1606 1366 1634 nec
1399 1593 1566 1634 bonum
1606 1594 1815 1635 vicarium
1854 1608 2011 1649 perpe-

203 1679 342 1724 tuum,
373 1686 454 1714 nec
492 1677 692 1714 curatum
733 1678 1010 1725 perpetuum,
1043 1672 1121 1713 sed
1162 1686 1299 1714 unum
1340 1675 1616 1716 sacerdotem
1655 1674 1793 1717 talem
1833 1676 2010 1729 qualem

205 1753 418 1795 mobilem
458 1758 504 1794 et
543 1752 665 1794 omni
701 1752 774 1793 die
812 1766 840 1793 a
877 1751 1095 1793 beneficio
1135 1766 1214 1806 per
1253 1755 1513 1796 mandatum
1556 1756 1901 1810 approprietarii‚
1941 1758 2010 1798 cui

206 1834 389 1876 ecclesia
421 1834 755 1888 appropriatur3
792 1839 837 1875 et
869 1834 931 1875 sic
966 1846 1044 1874 nec
1079 1833 1196 1875 bona
1227 1848 1362 1888 opera
1394 1835 1507 1878 fiunt
1535 1837 1581 1877 in
1611 1836 1821 1891 parochia
1850 1850 1930 1879 nec
1966 1837 2010 1878 in

206 1915 492 1969 parochianis,
514 1929 614 1970 quae
646 1914 803 1957 fierent
834 1928 914 1969 per
944 1914 1111 1955 bonum
1140 1922 1354 1957 rectorem
1382 1918 1662 1969 residentem,
1682 1931 1762 1959 nec
1790 1918 1865 1959 illa
1892 1918 2011 1959 bona

206 2009 308 2049 quae
337 1995 492 2038 fierent
519 2009 600 2050 pro
629 1995 714 2037 illis
743 1995 1031 2050 parochianis,
1065 2009 1144 2037 nec
1174 1995 1250 2038 illa
1279 1997 1398 2039 bona
1427 2011 1528 2052 quae
1563 2012 1652 2040 non
1683 1998 1825 2040 solum
1856 1998 2011 2040 fierent

207 2090 289 2130 pro
327 2076 614 2130 parochianis,
654 2078 735 2119 sed
770 2077 911 2119 eciam
949 2091 1007 2118 ex
1048 2077 1200 2118 debito
1239 2077 1395 2120 fierent
1434 2092 1581 2121 coram
1614 2080 1699 2121 illis
1734 2079 2011 2133 parochianis

208 2162 255 2198 et
287 2156 372 2197 illis
408 2157 694 2210 parochianis,
725 2158 840 2199 sicut
884 2164 951 2199 est
984 2157 1151 2198 bonum
1192 2159 1447 2213 exemplum
1482 2160 1620 2202 curati
1662 2173 1762 2202 cum
1803 2159 1865 2200 eis
1906 2160 2009 2200 resi-

209 2236 367 2287 dentis,
402 2242 449 2278 et
487 2237 649 2280 devota
687 2238 833 2279 oracio
873 2250 973 2279 cum
1015 2237 1076 2278 eis
1117 2244 1162 2279 et
1202 2251 1350 2279 coram
1389 2240 1452 2282 eis
1494 2240 1621 2290 facta,
1664 2241 1708 2281 in
1752 2239 2010 2292 exemplum

208 2317 404 2371 ipsorum
439 2317 812 2371 parochianorum,
848 2324 898 2359 ut
933 2318 1015 2371 ipsi
1051 2318 1112 2359 sic
1148 2318 1309 2360 devote
1348 2327 1534 2362 orarent.
1608 2321 1735 2371 Item,
1771 2319 2010 2360 elemosina

210 2403 257 2439 et
286 2396 546 2451 praedicacio
573 2398 807 2440 verborum
837 2405 882 2440 et
912 2397 1128 2439 sactorum
1154 2397 1262 2450 Jesu
1291 2399 1372 2440 Xti
1402 2400 1548 2442 fienda
1576 2401 1689 2441 inter
1719 2398 2009 2453 parochianos

210 2476 432 2526 deficiunt,
474 2482 521 2518 et
564 2484 747 2531 pereunt
794 2492 874 2532 per
921 2479 1330 2532 appropriacionem
1370 2480 1662 2528 ecclesiarum,
1705 2486 1749 2520 et
1795 2492 1875 2532 per
1920 2492 2009 2520 non

211 2557 454 2598 residentes
485 2562 660 2598 curatos
691 2563 736 2600 et
766 2557 1065 2612 pluralitatem
1102 2558 1392 2611 ecclesiarum,
1425 2567 1470 2602 et
1505 2561 1756 2606 officiorum,
1789 2565 1834 2600 et
1867 2554 2026 2612 digni-'

211 2642 368 2686 tatum,
403 2649 504 2689 quae
545 2642 727 2678 vocatur
758 2637 916 2679 Romae
957 2638 1177 2692 capacitas
1216 2639 1275 2680 ad
1315 2639 1671 2694 incompatibilia,
1710 2638 1780 2679 vel
1820 2638 1878 2679 ad
1918 2639 2008 2679 duo

210 2715 424 2758 beneficia
461 2716 532 2758 vel
570 2717 629 2758 ad
667 2716 763 2766 tria,
794 2724 877 2760 etc.
950 2718 1011 2760 Et
1041 2718 1168 2773 plura
1198 2718 1315 2760 mala
1354 2733 1433 2773 per
1461 2720 1556 2761 haec
1598 2724 1780 2772 peccata
1821 2717 2009 2760 exhorta

211 2796 346 2837 fuisse
386 2796 570 2850 cognovi
619 2796 664 2837 in
703 2803 902 2852 tempore
940 2800 988 2840 ix
1030 2813 1258 2854 paparum,
1298 2813 1483 2853 quorum
1529 2806 1729 2852 tempore
1772 2811 1856 2851 ego
1901 2799 2006 2847 vixi,

211 2876 240 2918 i.
262 2890 298 2918 e.
339 2875 422 2917 sub
462 2876 698 2919 Bonesacio
733 2877 812 2930 ix0,
859 2879 1123 2923 Innocencio
1166 2885 1223 2933 7⁰,
1263 2879 1473 2935 Gregorio
1504 2878 1598 2932 xij0,
1644 2878 1905 2920 Alexandro
1947 2883 2006 2931 5⁰,
