2456 3210
715 328 845 364 [σε]
881 328 919 363 E
957 327 1121 362 LIBRo
1169 325 1511 361 VERITATUM.
1939 326 2014 370 159

220 472 498 514 vulnerantes
531 472 731 526 graviter,
765 478 810 513 et
839 471 1089 513 occidentes
1118 477 1220 525 post
1254 470 1562 511 extraxionem
1594 467 1687 522 ejus
1719 473 1846 509 extra
1880 466 2018 508 eccle-

221 553 344 604 siam,
364 559 602 606 postquam
637 553 682 593 in
714 552 871 594 eadem
905 552 1086 593 missam
1115 550 1394 601 celebrasset,
1425 556 1470 591 et
1500 550 1645 603 ipsum
1675 548 1844 589 nudum
1875 547 2019 601 jacere

222 631 267 673 in
293 645 452 686 campo
481 632 677 674 fecerunt
706 637 808 686 post
832 632 1263 682 occisionemsuam3
1293 637 1339 672 et
1363 636 1464 684 post
1491 643 1655 684 paucos
1684 642 1824 689 annos
1851 628 2019 669 occisus

221 710 304 753 fuit
340 711 436 752 dux
478 711 772 763 Somersetiae,
813 711 1090 761 Edmundus,
1131 712 1176 752 in
1214 711 1319 753 villa
1358 709 1512 753 Sancti
1556 708 1736 760 Albani,
1776 714 1822 750 et
1861 713 2021 762 praeter

222 791 441 833 intentum
466 791 642 846 plurimi
661 792 740 833 viri
766 792 897 833 occisi
924 797 1028 833 tunc
1055 792 1230 832 fuerunt
1257 790 1434 842 ibidem,
1456 803 1603 832 comes
1631 787 2019 831 Northehumbriae

226 877 272 912 et
312 871 452 913 eciam
497 872 703 913 dominus
742 872 798 913 de
841 870 1036 923 clifford,
1075 871 1175 913 duci
1212 870 1494 914 Somersetiae
1533 869 1677 911 occiso
1723 869 1931 918 faventes,
1972 873 2020 908 ut

225 951 464 994 dicebatur.
1964 1006 1966 1009 Ι

341 1036 387 1080 [p.
410 1036 500 1081 172]
552 1031 690 1072 Anno
730 1031 910 1073 Domini
949 1031 1054 1084 Jesu
1095 1035 1188 1072 mm⁰
1218 1035 1342 1073 cccm⁰
1371 1030 1697 1084 septuagesimo
1736 1035 1904 1079 octavo,
1940 1028 2020 1069 do-

226 1109 347 1151 mino
377 1124 494 1165 papa
514 1109 727 1166 Gregorio
752 1111 822 1165 xj⁰
850 1118 1023 1153 mortuo
1050 1112 1093 1152 in
1117 1111 1263 1152 Roma
1289 1112 1403 1153 circa
1431 1111 1625 1152 medium
1646 1107 2019 1164 Quadragesimae,

225 1190 471 1232 cardinales
512 1191 670 1232 Romae
717 1191 944 1246 elegerunt
984 1192 1027 1232 in
1068 1205 1231 1246 papam
1269 1191 1502 1233 Urbanum
1543 1197 1733 1238 sextum,
1775 1195 1819 1229 et
1866 1189 1911 1229 in
1950 1188 2023 1229 die

228 1269 379 1311 Pascae
418 1270 563 1325 ipsum
602 1272 647 1312 in
688 1285 852 1326 papam
892 1278 1239 1322 coronaverunt3
1290 1279 1335 1314 et
1374 1273 1462 1314 cito
1501 1278 1667 1326 postea,
1707 1269 1950 1312 cardinales
1996 1283 2022 1309 a

228 1350 375 1392 Roma
414 1351 656 1393 successive
691 1353 957 1402 recedentes,
995 1352 1255 1406 praedictum
1291 1352 1524 1394 Urbanum
1560 1357 1739 1393 sextum
1775 1363 1872 1392 esse
1906 1362 2023 1390 sum-

229 1444 352 1472 mum
379 1430 615 1485 praesulum
642 1439 923 1486 negaverunt.
985 1433 1044 1474 Et
1072 1432 1147 1474 illo
1169 1433 1353 1475 Urbano
1380 1440 1510 1474 sexto
1537 1432 1683 1483 citato,
1709 1438 1756 1472 ut
1780 1431 1852 1484 jus
1882 1443 2023 1478 suum,

228 1511 266 1552 si
295 1510 414 1565 quod
444 1511 637 1564 haberet,
655 1513 926 1561 defenderet,
952 1514 1348 1567 pronunciaverunt
1377 1514 1522 1567 ipsum
1548 1512 1781 1554 Urbanum
1812 1525 1900 1552 non
1930 1524 2025 1552 esse

229 1591 336 1644 Jesu
358 1591 438 1633 Xti
460 1592 670 1634 vicarium
694 1594 738 1634 in
765 1595 902 1645 terris,
931 1593 1141 1648 eligentes
1173 1594 1396 1648 quendam
1425 1594 1671 1634 Robertum
1700 1592 2024 1639 Gebenensem‚

228 1678 334 1714 tunc
361 1672 495 1714 etiam
520 1673 797 1724 cardinalem,
818 1676 863 1716 in
896 1675 1141 1716 dominium
1173 1674 1475 1728 apostolicum,
1503 1674 1530 1715 i.
1548 1688 1585 1715 e.
1613 1675 1656 1715 in
1687 1686 1863 1727 papam,
1892 1685 2024 1726 quem

231 1758 278 1794 et
313 1751 589 1795 Clementem
625 1755 862 1808 septimum
899 1755 1247 1804 nominaverunt,
1279 1761 1325 1796 et
1360 1768 1460 1796 cum
1497 1768 1550 1796 eo
1583 1755 1627 1795 in
1659 1753 1928 1795 Avinionem
1959 1766 2026 1794 se*

232 1841 483 1885 cesserunt3
514 1840 559 1876 et
581 1834 790 1877 Urbanus
820 1836 895 1878 ille
925 1842 1091 1886 sextus,
1119 1849 1219 1877 cum
1248 1835 1416 1877 videret
1446 1849 1494 1876 se
1523 1835 1581 1876 ab
1607 1836 1799 1889 antiquis
1829 1836 2026 1877 cardina-

232 1913 348 1955 libus
376 1914 647 1965 derelictum‚
679 1917 842 1958 creavit
876 1930 1014 1958 novos
1047 1915 1300 1967 cardinales,
1331 1921 1377 1957 et
1405 1916 1563 1957 Romae
1593 1916 1704 1958 obiit
1738 1930 1854 1958 anno
1891 1915 2026 1971 13893

235 1993 306 2035 cui
337 1994 544 2036 successit
574 1994 825 2038 Bonifacius
857 1997 947 2037 ix⁸:
991 1995 1210 2039 Clementi
1244 1995 1323 2048 vij⁰
1357 1997 1562 2038 successit
1599 1997 1754 2038 Petrus
1793 1997 1850 2038 de
1887 1996 2027 2044 Luna,

236 2073 313 2127 qui
353 2073 546 2127 seipsum
580 2075 819 2119 intitulavit
851 2077 962 2130 xiijm
1003 2077 1304 2128 Benedictum‚
1335 2078 1409 2131 qui
1450 2084 1614 2131 postea,
1645 2092 1724 2132 per
1763 2078 2028 2119 sententiam

237 2153 283 2194 in
303 2152 486 2195 concilio
507 2154 676 2204 Pisano,
697 2169 777 2210 pro
798 2156 986 2210 perjurio
1007 2171 1088 2198 suo
1108 2156 1334 2211 depositus
1353 2157 1447 2199 fuit.
1500 2158 1679 2200 Mortuo
1701 2157 1927 2199 Bonifacio
1948 2157 2027 2204 ix0,

237 2232 480 2274 cardinales
507 2233 731 2288 elegerunt
758 2236 802 2277 in
832 2249 995 2290 papam
1026 2235 1301 2278 Cosmatium
1331 2239 1520 2290 nomine,
1541 2253 1674 2293 quem
1705 2251 1867 2292 papam
1900 2237 2029 2277 Inno-

237 2317 412 2354 centem
440 2312 531 2365 vijm
558 2315 902 2368 appellaverunt.
964 2317 1051 2358 Hic
1082 2318 1207 2370 quasi
1237 2318 1413 2359 biennio
1443 2319 1638 2361 existens
1664 2320 1891 2360 Romanus
1921 2331 2030 2372 pon·

226 2392 365 2442 -tifex,
400 2405 476 2433 seu
517 2406 644 2447 papa,
678 2395 840 2438 multos
881 2397 924 2437 in
960 2396 1201 2438 cardinales
1239 2400 1486 2452 assumpsit,
1522 2407 1566 2442 et
1606 2401 1650 2441 in
1687 2400 1793 2440 urbe
1826 2398 2031 2440 Romana

240 2473 378 2523 obiit3
411 2478 455 2513 et
490 2480 591 2527 post
622 2473 716 2527 ejus
751 2483 939 2518 mortem
974 2477 1214 2519 cardinales
1247 2477 1462 2532 eligerunt
1497 2481 1541 2521 in
1572 2493 1733 2535 papam
1770 2478 2030 2533 Gregorium

242 2553 564 2603 duodecimum,
591 2560 892 2611 tractatusque
926 2557 1102 2600 habitus
1134 2564 1202 2599 est
1236 2572 1314 2612 per
1346 2561 1525 2602 nuncios
1559 2561 1671 2602 inter
1705 2559 1827 2600 illum
1863 2557 2031 2612 Grego-

243 2634 355 2675 rium
375 2632 482 2687 xijm,
503 2639 549 2675 et
575 2642 840 2688 praetensum
867 2652 1042 2693 papam,
1066 2639 1243 2680 Petrum
1274 2639 1331 2680 de
1355 2639 1494 2692 Luna,
1515 2647 1721 2682 vocatum
1743 2639 2030 2680 Benedictum

244 2713 423 2756 tertium
461 2714 692 2767 decimum,
731 2717 810 2758 sed
850 2719 1091 2760 remedium
1132 2733 1219 2760 non
1254 2719 1336 2761 fuit
1376 2721 1600 2775 adeptum,
1640 2720 1718 2760 sed
1754 2720 1890 2761 cisma
1929 2733 2031 2761 con-

245 2795 494 2845 tinuatum;
528 2800 632 2836 tunc
661 2796 914 2849 cardinales,
945 2800 1002 2841 ab
1032 2800 1289 2841 obediencia
1324 2802 1550 2855 utriusque
1591 2800 1725 2853 partis
1766 2800 2028 2849 recedentes,

236 2887 324 2929 per
350 2873 496 2916 literas
520 2888 621 2916 suas
647 2882 694 2917 et
724 2877 902 2919 nuncios
929 2880 1158 2922 concilium
1189 2881 1393 2933 generale
1422 2889 1466 2922 et
1496 2879 1735 2921 universale
1765 2893 2031 2922 convocave-
