<?xml version="1.0" encoding="UTF-8"?>
<!DOCTYPE html PUBLIC "-//W3C//DTD XHTML 1.0 Transitional//EN"
    "http://www.w3.org/TR/xhtml1/DTD/xhtml1-transitional.dtd">
<html xmlns="http://www.w3.org/1999/xhtml" xml:lang="en" lang="en">
 <head>
  <title>
</title>
<meta http-equiv="Content-Type" content="text/html;charset=utf-8" />
  <meta name='ocr-system' content='tesseract 3.04.00' />
  <meta name='ocr-capabilities' content='ocr_page ocr_carea ocr_par ocr_line ocrx_word'/>
</head>
<body>
  <div class='ocr_page' id='page_1' title='image "./locielibroverita00gascuoft_0266.png"; bbox 0 0 2456 3210; ppageno 0'>
   <div class='ocr_carea' id='block_1_1' title="bbox 456 254 1762 304">
    <p class='ocr_par' dir='ltr' id='par_1_1' title="bbox 456 254 1762 304">
     <span class='ocr_line' id='line_1_1' title="bbox 456 254 1762 304; baseline 0.001 -10"><span class='ocrx_word' id='word_1_1' title='bbox 456 254 538 304; x_wconf 87' lang='lat'>164</span> <span class='ocrx_word' id='word_1_2' title='bbox 956 258 1087 295; x_wconf 88' lang='lat' dir='ltr'><em>LOCI</em></span> <span class='ocrx_word' id='word_1_3' title='bbox 1123 259 1163 294; x_wconf 88' lang='lat' dir='ltr'><em>E</em></span> <span class='ocrx_word' id='word_1_4' title='bbox 1202 258 1369 293; x_wconf 88' lang='lat' dir='ltr'><em>LIBRO</em></span> <span class='ocrx_word' id='word_1_5' title='bbox 1416 257 1762 296; x_wconf 84' lang='lat' dir='ltr'><em>VERJTATUM.</em></span> 
     </span>
    </p>
   </div>
   <div class='ocr_carea' id='block_1_2' title="bbox 434 401 2306 2868">
    <p class='ocr_par' dir='ltr' id='par_1_2' title="bbox 434 401 2306 2868">
     <span class='ocr_line' id='line_1_2' title="bbox 452 401 2260 457; baseline 0.001 -14"><span class='ocrx_word' id='word_1_6' title='bbox 452 403 533 444; x_wconf 82' lang='lat' dir='ltr'>Xti</span> <span class='ocrx_word' id='word_1_7' title='bbox 580 414 700 454; x_wconf 89' lang='lat'>1414,</span> <span class='ocrx_word' id='word_1_8' title='bbox 743 402 906 457; x_wconf 84' lang='lat' dir='ltr'>incepit</span> <span class='ocrx_word' id='word_1_9' title='bbox 951 402 1183 445; x_wconf 91' lang='lat' dir='ltr'>concilium</span> <span class='ocrx_word' id='word_1_10' title='bbox 1235 415 1407 444; x_wconf 89' lang='lat' dir='ltr'>sacrum</span> <span class='ocrx_word' id='word_1_11' title='bbox 1450 401 1814 451; x_wconf 87' lang='lat' dir='ltr'>Constanciense,</span> <span class='ocrx_word' id='word_1_12' title='bbox 1855 402 1899 443; x_wconf 90' lang='lat' dir='ltr'>in</span> <span class='ocrx_word' id='word_1_13' title='bbox 1939 402 2011 444; x_wconf 90' lang='lat' dir='ltr'>die</span> <span class='ocrx_word' id='word_1_14' title='bbox 2047 401 2260 444; x_wconf 90' lang='lat' dir='ltr'>Omnium</span> 
     </span>
     <span class='ocr_line' id='line_1_3' title="bbox 453 481 2262 537; baseline -0.001 -12"><span class='ocrx_word' id='word_1_15' title='bbox 453 482 729 532; x_wconf 91' lang='lat' dir='ltr'>Sanctorum,</span> <span class='ocrx_word' id='word_1_16' title='bbox 768 489 812 524; x_wconf 91' lang='lat' dir='ltr'>et</span> <span class='ocrx_word' id='word_1_17' title='bbox 844 490 946 537; x_wconf 90' lang='lat' dir='ltr'>post</span> <span class='ocrx_word' id='word_1_18' title='bbox 986 483 1170 525; x_wconf 92' lang='lat' dir='ltr'>tercium</span> <span class='ocrx_word' id='word_1_19' title='bbox 1207 483 1301 536; x_wconf 91' lang='lat' dir='ltr'>ejus</span> <span class='ocrx_word' id='word_1_20' title='bbox 1338 482 1431 535; x_wconf 86' lang='lat' dir='ltr'>jam</span> <span class='ocrx_word' id='word_1_21' title='bbox 1465 481 1735 536; x_wconf 89' lang='lat' dir='ltr'>completum</span> <span class='ocrx_word' id='word_1_22' title='bbox 1771 495 1937 523; x_wconf 90' lang='lat' dir='ltr'>annum</span> <span class='ocrx_word' id='word_1_23' title='bbox 1976 482 2060 524; x_wconf 85' lang='lat' dir='ltr'>suit</span> <span class='ocrx_word' id='word_1_24' title='bbox 2099 481 2262 527; x_wconf 84' lang='lat' dir='ltr'><strong>eleccio</strong></span> 
     </span>
     <span class='ocr_line' id='line_1_4' title="bbox 452 562 2259 621; baseline 0 -18"><span class='ocrx_word' id='word_1_25' title='bbox 452 577 581 617; x_wconf 83' lang='lat' dir='ltr'>papae</span> <span class='ocrx_word' id='word_1_26' title='bbox 613 563 794 605; x_wconf 89' lang='lat' dir='ltr'>Martini</span> <span class='ocrx_word' id='word_1_27' title='bbox 835 563 988 617; x_wconf 88' lang='lat' dir='ltr'>quinti,</span> <span class='ocrx_word' id='word_1_28' title='bbox 1028 577 1146 617; x_wconf 87' lang='lat' dir='ltr'>papa</span> <span class='ocrx_word' id='word_1_29' title='bbox 1185 563 1389 616; x_wconf 88' lang='lat' dir='ltr'>Johanne</span> <span class='ocrx_word' id='word_1_30' title='bbox 1427 574 1480 616; x_wconf 85' lang='lat'>23</span> <span class='ocrx_word' id='word_1_31' title='bbox 1526 563 1730 616; x_wconf 88' lang='lat' dir='ltr'>deposito</span> <span class='ocrx_word' id='word_1_32' title='bbox 1769 575 1886 604; x_wconf 91' lang='lat' dir='ltr'>anno</span> <span class='ocrx_word' id='word_1_33' title='bbox 1915 562 2098 621; x_wconf 87' lang='lat' dir='ltr'>Domini</span> <span class='ocrx_word' id='word_1_34' title='bbox 2137 569 2259 614; x_wconf 87' lang='lat'>1415,</span> 
     </span>
     <span class='ocr_line' id='line_1_5' title="bbox 453 643 2306 697; baseline 0 -13"><span class='ocrx_word' id='word_1_35' title='bbox 453 649 555 696; x_wconf 89' lang='lat' dir='ltr'>post</span> <span class='ocrx_word' id='word_1_36' title='bbox 577 643 890 685; x_wconf 86' lang='lat' dir='ltr'>Penticostalia</span> <span class='ocrx_word' id='word_1_37' title='bbox 916 643 1041 695; x_wconf 86' lang='lat' dir='ltr'>festa,</span> <span class='ocrx_word' id='word_1_38' title='bbox 1065 650 1109 685; x_wconf 87' lang='lat' dir='ltr'>et</span> <span class='ocrx_word' id='word_1_39' title='bbox 1134 645 1194 685; x_wconf 88' lang='lat' dir='ltr'>sic</span> <span class='ocrx_word' id='word_1_40' title='bbox 1220 643 1417 697; x_wconf 89' lang='lat' dir='ltr'>sequitur</span> <span class='ocrx_word' id='word_1_41' title='bbox 1438 643 1668 685; x_wconf 89' lang='lat' dir='ltr'>ecclesiam</span> <span class='ocrx_word' id='word_1_42' title='bbox 1693 649 1870 697; x_wconf 85' lang='lat' dir='ltr'><strong>pastore</strong></span> <span class='ocrx_word' id='word_1_43' title='bbox 1895 657 1972 684; x_wconf 92' lang='lat' dir='ltr'>seu</span> <span class='ocrx_word' id='word_1_44' title='bbox 1993 656 2110 697; x_wconf 91' lang='lat' dir='ltr'>papa</span> <span class='ocrx_word' id='word_1_45' title='bbox 2137 655 2306 684; x_wconf 88' lang='lat' dir='ltr'>caru-—</span> 
     </span>
     <span class='ocr_line' id='line_1_6' title="bbox 450 723 2260 778; baseline -0.001 -12"><span class='ocrx_word' id='word_1_46' title='bbox 450 726 535 766; x_wconf 90' lang='lat' dir='ltr'>isse</span> <span class='ocrx_word' id='word_1_47' title='bbox 571 737 649 778; x_wconf 91' lang='lat' dir='ltr'>per</span> <span class='ocrx_word' id='word_1_48' title='bbox 684 725 795 765; x_wconf 93' lang='lat' dir='ltr'>duos</span> <span class='ocrx_word' id='word_1_49' title='bbox 830 738 971 766; x_wconf 89' lang='lat' dir='ltr'>annos</span> <span class='ocrx_word' id='word_1_50' title='bbox 1004 730 1049 766; x_wconf 90' lang='lat' dir='ltr'>et</span> <span class='ocrx_word' id='word_1_51' title='bbox 1081 724 1227 776; x_wconf 87' lang='lat' dir='ltr'>ultra3</span> <span class='ocrx_word' id='word_1_52' title='bbox 1269 731 1314 766; x_wconf 90' lang='lat' dir='ltr'>et</span> <span class='ocrx_word' id='word_1_53' title='bbox 1350 723 1523 766; x_wconf 88' lang='lat' dir='ltr'>duravit</span> <span class='ocrx_word' id='word_1_54' title='bbox 1554 723 1707 765; x_wconf 85' lang='lat' dir='ltr'>cisima</span> <span class='ocrx_word' id='word_1_55' title='bbox 1741 724 1786 765; x_wconf 93' lang='lat' dir='ltr'>in</span> <span class='ocrx_word' id='word_1_56' title='bbox 1821 723 2003 766; x_wconf 91' lang='lat' dir='ltr'>ecclesia</span> <span class='ocrx_word' id='word_1_57' title='bbox 2037 723 2260 777; x_wconf 86' lang='lat' dir='ltr'>inceptum</span> 
     </span>
     <span class='ocr_line' id='line_1_7' title="bbox 450 802 2261 858; baseline 0 -14"><span class='ocrx_word' id='word_1_58' title='bbox 450 817 530 857; x_wconf 88' lang='lat' dir='ltr'>per</span> <span class='ocrx_word' id='word_1_59' title='bbox 559 818 777 845; x_wconf 85' lang='lat' dir='ltr'><strong>recessum</strong></span> <span class='ocrx_word' id='word_1_60' title='bbox 809 804 1096 846; x_wconf 84' lang='lat' dir='ltr'>cardinalium</span> <span class='ocrx_word' id='word_1_61' title='bbox 1127 819 1154 846; x_wconf 91' lang='lat' dir='ltr'>a</span> <span class='ocrx_word' id='word_1_62' title='bbox 1184 818 1301 858; x_wconf 89' lang='lat' dir='ltr'>papa</span> <span class='ocrx_word' id='word_1_63' title='bbox 1337 804 1521 846; x_wconf 90' lang='lat' dir='ltr'>Urbano</span> <span class='ocrx_word' id='word_1_64' title='bbox 1558 810 1702 854; x_wconf 85' lang='lat' dir='ltr'>sexto,</span> <span class='ocrx_word' id='word_1_65' title='bbox 1734 818 1867 858; x_wconf 89' lang='lat' dir='ltr'>quem</span> <span class='ocrx_word' id='word_1_66' title='bbox 1898 804 1981 858; x_wconf 90' lang='lat' dir='ltr'>ipsi</span> <span class='ocrx_word' id='word_1_67' title='bbox 2017 802 2261 846; x_wconf 88' lang='lat' dir='ltr'>cardinales</span> 
     </span>
     <span class='ocr_line' id='line_1_8' title="bbox 451 883 2260 940; baseline 0.001 -16"><span class='ocrx_word' id='word_1_68' title='bbox 451 884 667 938; x_wconf 87' lang='lat' dir='ltr'>eligerunt</span> <span class='ocrx_word' id='word_1_69' title='bbox 701 891 746 927; x_wconf 92' lang='lat' dir='ltr'>et</span> <span class='ocrx_word' id='word_1_70' title='bbox 779 892 1111 934; x_wconf 89' lang='lat' dir='ltr'>coronaverunt,</span> <span class='ocrx_word' id='word_1_71' title='bbox 1144 885 1259 926; x_wconf 91' lang='lat' dir='ltr'>ultra</span> <span class='ocrx_word' id='word_1_72' title='bbox 1291 897 1345 940; x_wconf 88' lang='lat'>39</span> <span class='ocrx_word' id='word_1_73' title='bbox 1387 898 1538 936; x_wconf 90' lang='lat' dir='ltr'>annos,</span> <span class='ocrx_word' id='word_1_74' title='bbox 1569 898 1628 926; x_wconf 92' lang='lat' dir='ltr'>sc.</span> <span class='ocrx_word' id='word_1_75' title='bbox 1664 885 1721 926; x_wconf 91' lang='lat' dir='ltr'>ab</span> <span class='ocrx_word' id='word_1_76' title='bbox 1757 899 1875 928; x_wconf 90' lang='lat' dir='ltr'>anno</span> <span class='ocrx_word' id='word_1_77' title='bbox 1906 884 2088 927; x_wconf 86' lang='lat' dir='ltr'>Domini</span> <span class='ocrx_word' id='word_1_78' title='bbox 2124 883 2260 926; x_wconf 88' lang='lat' dir='ltr'>nostri</span> 
     </span>
     <span class='ocr_line' id='line_1_9' title="bbox 448 964 2261 1020; baseline 0 -14"><span class='ocrx_word' id='word_1_79' title='bbox 448 964 555 1017; x_wconf 90' lang='lat' dir='ltr'>Jesu</span> <span class='ocrx_word' id='word_1_80' title='bbox 598 965 678 1006; x_wconf 91' lang='lat' dir='ltr'>Xti</span> <span class='ocrx_word' id='word_1_81' title='bbox 723 964 850 1020; x_wconf 79' lang='lat'>1378,</span> <span class='ocrx_word' id='word_1_82' title='bbox 892 967 935 1007; x_wconf 93' lang='lat' dir='ltr'>in</span> <span class='ocrx_word' id='word_1_83' title='bbox 976 965 1128 1020; x_wconf 88' lang='lat' dir='ltr'>vigilia</span> <span class='ocrx_word' id='word_1_84' title='bbox 1165 965 1317 1007; x_wconf 85' lang='lat' dir='ltr'>Sancti</span> <span class='ocrx_word' id='word_1_85' title='bbox 1359 965 1591 1007; x_wconf 85' lang='lat' dir='ltr'>Laurencii</span> <span class='ocrx_word' id='word_1_86' title='bbox 1633 965 1820 1006; x_wconf 91' lang='lat' dir='ltr'>martiris</span> <span class='ocrx_word' id='word_1_87' title='bbox 1860 978 2000 1019; x_wconf 93' lang='lat' dir='ltr'>usque</span> <span class='ocrx_word' id='word_1_88' title='bbox 2043 965 2101 1007; x_wconf 89' lang='lat' dir='ltr'>ad</span> <span class='ocrx_word' id='word_1_89' title='bbox 2141 964 2261 1006; x_wconf 87' lang='lat' dir='ltr'>diem</span> 
     </span>
     <span class='ocr_line' id='line_1_10' title="bbox 451 1043 2261 1099; baseline 0.001 -14"><span class='ocrx_word' id='word_1_90' title='bbox 451 1044 603 1086; x_wconf 83' lang='lat' dir='ltr'>Sancti</span> <span class='ocrx_word' id='word_1_91' title='bbox 638 1045 819 1087; x_wconf 88' lang='lat' dir='ltr'>Martini</span> <span class='ocrx_word' id='word_1_92' title='bbox 848 1046 892 1087; x_wconf 93' lang='lat' dir='ltr'>in</span> <span class='ocrx_word' id='word_1_93' title='bbox 923 1059 1040 1088; x_wconf 89' lang='lat' dir='ltr'>anno</span> <span class='ocrx_word' id='word_1_94' title='bbox 1070 1046 1250 1087; x_wconf 91' lang='lat' dir='ltr'>Domini</span> <span class='ocrx_word' id='word_1_95' title='bbox 1281 1056 1403 1098; x_wconf 87' lang='lat'>1417.</span> <span class='ocrx_word' id='word_1_96' title='bbox 1465 1045 1576 1087; x_wconf 84' lang='lat' dir='ltr'>Haec</span> <span class='ocrx_word' id='word_1_97' title='bbox 1611 1045 1760 1086; x_wconf 89' lang='lat' dir='ltr'>omnia</span> <span class='ocrx_word' id='word_1_98' title='bbox 1788 1051 1943 1099; x_wconf 90' lang='lat' dir='ltr'>patent</span> <span class='ocrx_word' id='word_1_99' title='bbox 1972 1046 2017 1087; x_wconf 91' lang='lat' dir='ltr'>in</span> <span class='ocrx_word' id='word_1_100' title='bbox 2047 1044 2160 1086; x_wconf 93' lang='lat' dir='ltr'>libro</span> <span class='ocrx_word' id='word_1_101' title='bbox 2188 1043 2261 1086; x_wconf 93' lang='lat' dir='ltr'>De</span> 
     </span>
     <span class='ocr_line' id='line_1_11' title="bbox 449 1124 2261 1181; baseline 0 -15"><span class='ocrx_word' id='word_1_102' title='bbox 449 1126 586 1179; x_wconf 86' lang='lat' dir='ltr'>gestis</span> <span class='ocrx_word' id='word_1_103' title='bbox 619 1126 788 1167; x_wconf 91' lang='lat' dir='ltr'>concilii</span> <span class='ocrx_word' id='word_1_104' title='bbox 811 1126 968 1177; x_wconf 88' lang='lat' dir='ltr'>Pisani,</span> <span class='ocrx_word' id='word_1_105' title='bbox 989 1133 1035 1168; x_wconf 92' lang='lat' dir='ltr'>et</span> <span class='ocrx_word' id='word_1_106' title='bbox 1060 1127 1131 1168; x_wconf 94' lang='lat' dir='ltr'>De</span> <span class='ocrx_word' id='word_1_107' title='bbox 1158 1127 1295 1181; x_wconf 87' lang='lat' dir='ltr'>gestis</span> <span class='ocrx_word' id='word_1_108' title='bbox 1326 1126 1497 1168; x_wconf 89' lang='lat' dir='ltr'>concilii</span> <span class='ocrx_word' id='word_1_109' title='bbox 1521 1125 1888 1177; x_wconf 84' lang='lat' dir='ltr'>Constanciensis,</span> <span class='ocrx_word' id='word_1_110' title='bbox 1910 1132 1956 1168; x_wconf 91' lang='lat' dir='ltr'>et</span> <span class='ocrx_word' id='word_1_111' title='bbox 1985 1131 2052 1167; x_wconf 87' lang='lat' dir='ltr'>est</span> <span class='ocrx_word' id='word_1_112' title='bbox 2075 1124 2261 1179; x_wconf 86' lang='lat' dir='ltr'>praedic-</span> 
     </span>
     <span class='ocr_line' id='line_1_12' title="bbox 449 1205 2263 1261; baseline -0.001 -14"><span class='ocrx_word' id='word_1_113' title='bbox 449 1213 520 1247; x_wconf 89' lang='lat' dir='ltr'>tus</span> <span class='ocrx_word' id='word_1_114' title='bbox 548 1207 659 1247; x_wconf 91' lang='lat' dir='ltr'>liber</span> <span class='ocrx_word' id='word_1_115' title='bbox 685 1208 873 1261; x_wconf 87' lang='lat' dir='ltr'>scriptus</span> <span class='ocrx_word' id='word_1_116' title='bbox 901 1207 945 1248; x_wconf 92' lang='lat' dir='ltr'>in</span> <span class='ocrx_word' id='word_1_117' title='bbox 967 1207 1123 1261; x_wconf 85' lang='lat' dir='ltr'>papiro</span> <span class='ocrx_word' id='word_1_118' title='bbox 1153 1208 1196 1248; x_wconf 92' lang='lat' dir='ltr'>in</span> <span class='ocrx_word' id='word_1_119' title='bbox 1225 1206 1412 1261; x_wconf 88' lang='lat' dir='ltr'>collegio</span> <span class='ocrx_word' id='word_1_120' title='bbox 1434 1206 1687 1248; x_wconf 85' lang='lat' dir='ltr'>Dunelmiae</span> <span class='ocrx_word' id='word_1_121' title='bbox 1718 1207 1762 1247; x_wconf 90' lang='lat' dir='ltr'>in</span> <span class='ocrx_word' id='word_1_122' title='bbox 1785 1205 1991 1258; x_wconf 84' lang='lat' dir='ltr'>Oxonia3</span> <span class='ocrx_word' id='word_1_123' title='bbox 2025 1205 2263 1261; x_wconf 65' lang='lat' dir='ltr'>praedictus</span> 
     </span>
     <span class='ocr_line' id='line_1_13' title="bbox 452 1286 2261 1342; baseline 0.001 -16"><span class='ocrx_word' id='word_1_124' title='bbox 452 1287 569 1327; x_wconf 91' lang='lat' dir='ltr'>enim</span> <span class='ocrx_word' id='word_1_125' title='bbox 610 1301 727 1341; x_wconf 89' lang='lat' dir='ltr'>papa</span> <span class='ocrx_word' id='word_1_126' title='bbox 762 1287 989 1340; x_wconf 90' lang='lat' dir='ltr'>Johannes</span> <span class='ocrx_word' id='word_1_127' title='bbox 1017 1299 1070 1342; x_wconf 84' lang='lat'>23</span> <span class='ocrx_word' id='word_1_128' title='bbox 1112 1287 1227 1330; x_wconf 91' lang='lat' dir='ltr'>clam</span> <span class='ocrx_word' id='word_1_129' title='bbox 1263 1287 1461 1342; x_wconf 85' lang='lat' dir='ltr'>fugiebat</span> <span class='ocrx_word' id='word_1_130' title='bbox 1494 1302 1521 1329; x_wconf 93' lang='lat' dir='ltr'>a</span> <span class='ocrx_word' id='word_1_131' title='bbox 1557 1287 1740 1329; x_wconf 92' lang='lat' dir='ltr'>concilio</span> <span class='ocrx_word' id='word_1_132' title='bbox 1783 1286 2131 1337; x_wconf 89' lang='lat' dir='ltr'>Constanciensi‚</span> <span class='ocrx_word' id='word_1_133' title='bbox 2171 1299 2261 1328; x_wconf 90' lang='lat' dir='ltr'>non</span> 
     </span>
     <span class='ocr_line' id='line_1_14' title="bbox 449 1365 2262 1422; baseline 0 -14"><span class='ocrx_word' id='word_1_134' title='bbox 449 1367 654 1409; x_wconf 89' lang='lat' dir='ltr'>obstante</span> <span class='ocrx_word' id='word_1_135' title='bbox 687 1368 807 1421; x_wconf 92' lang='lat' dir='ltr'>quod</span> <span class='ocrx_word' id='word_1_136' title='bbox 840 1381 958 1409; x_wconf 90' lang='lat' dir='ltr'>anno</span> <span class='ocrx_word' id='word_1_137' title='bbox 996 1368 1151 1421; x_wconf 89' lang='lat' dir='ltr'>quinto</span> <span class='ocrx_word' id='word_1_138' title='bbox 1185 1368 1251 1409; x_wconf 93' lang='lat' dir='ltr'>sui</span> <span class='ocrx_word' id='word_1_139' title='bbox 1287 1369 1572 1422; x_wconf 89' lang='lat' dir='ltr'>pontificatus</span> <span class='ocrx_word' id='word_1_140' title='bbox 1606 1382 1683 1409; x_wconf 92' lang='lat' dir='ltr'>seu</span> <span class='ocrx_word' id='word_1_141' title='bbox 1714 1368 1909 1409; x_wconf 89' lang='lat' dir='ltr'>Romani</span> <span class='ocrx_word' id='word_1_142' title='bbox 1939 1373 2128 1422; x_wconf 89' lang='lat' dir='ltr'>papatus</span> <span class='ocrx_word' id='word_1_143' title='bbox 2157 1365 2262 1408; x_wconf 89' lang='lat' dir='ltr'>fecit</span> 
     </span>
     <span class='ocr_line' id='line_1_15' title="bbox 448 1446 2260 1498; baseline 0.001 -11"><span class='ocrx_word' id='word_1_144' title='bbox 448 1447 617 1488; x_wconf 89' lang='lat' dir='ltr'>bullam</span> <span class='ocrx_word' id='word_1_145' title='bbox 654 1462 778 1489; x_wconf 89' lang='lat' dir='ltr'>suam</span> <span class='ocrx_word' id='word_1_146' title='bbox 815 1447 1108 1498; x_wconf 84' lang='lat' dir='ltr'>Constanciae‚</span> <span class='ocrx_word' id='word_1_147' title='bbox 1144 1449 1350 1490; x_wconf 90' lang='lat' dir='ltr'>omnibus</span> <span class='ocrx_word' id='word_1_148' title='bbox 1390 1449 1600 1491; x_wconf 87' lang='lat' dir='ltr'>universis</span> <span class='ocrx_word' id='word_1_149' title='bbox 1636 1448 1718 1490; x_wconf 92' lang='lat' dir='ltr'>Xti</span> <span class='ocrx_word' id='word_1_150' title='bbox 1754 1447 1957 1489; x_wconf 87' lang='lat' dir='ltr'>fidelibus</span> <span class='ocrx_word' id='word_1_151' title='bbox 1993 1453 2038 1489; x_wconf 93' lang='lat' dir='ltr'>et</span> <span class='ocrx_word' id='word_1_152' title='bbox 2078 1446 2260 1496; x_wconf 85' lang='lat' dir='ltr'>caeteris,</span> 
     </span>
     <span class='ocr_line' id='line_1_16' title="bbox 448 1527 2261 1584; baseline 0.001 -17"><span class='ocrx_word' id='word_1_153' title='bbox 448 1527 493 1567; x_wconf 92' lang='lat' dir='ltr'>in</span> <span class='ocrx_word' id='word_1_154' title='bbox 525 1542 613 1581; x_wconf 91' lang='lat' dir='ltr'>qua</span> <span class='ocrx_word' id='word_1_155' title='bbox 644 1528 765 1569; x_wconf 88' lang='lat' dir='ltr'>bulla</span> <span class='ocrx_word' id='word_1_156' title='bbox 798 1529 917 1570; x_wconf 91' lang='lat' dir='ltr'>idem</span> <span class='ocrx_word' id='word_1_157' title='bbox 945 1527 1171 1582; x_wconf 90' lang='lat' dir='ltr'>Johannes</span> <span class='ocrx_word' id='word_1_158' title='bbox 1199 1543 1317 1583; x_wconf 89' lang='lat' dir='ltr'>papa</span> <span class='ocrx_word' id='word_1_159' title='bbox 1348 1529 1521 1584; x_wconf 87' lang='lat' dir='ltr'>scripsit</span> <span class='ocrx_word' id='word_1_160' title='bbox 1553 1529 1650 1571; x_wconf 84' lang='lat' dir='ltr'>haec</span> <span class='ocrx_word' id='word_1_161' title='bbox 1680 1529 1842 1570; x_wconf 82' lang='lat' dir='ltr'>verba:</span> <span class='ocrx_word' id='word_1_162' title='bbox 1881 1528 2003 1582; x_wconf 87' lang='lat' dir='ltr'>‘Ego</span> <span class='ocrx_word' id='word_1_163' title='bbox 2033 1527 2261 1581; x_wconf 91' lang='lat' dir='ltr'>Johannes</span> 
     </span>
     <span class='ocr_line' id='line_1_17' title="bbox 448 1608 2261 1664; baseline 0.001 -16"><span class='ocrx_word' id='word_1_164' title='bbox 448 1621 567 1660; x_wconf 90' lang='lat' dir='ltr'>papa</span> <span class='ocrx_word' id='word_1_165' title='bbox 600 1619 669 1662; x_wconf 86' lang='grc'>23,</span> <span class='ocrx_word' id='word_1_166' title='bbox 711 1615 890 1662; x_wconf 88' lang='lat' dir='ltr'>propter</span> <span class='ocrx_word' id='word_1_167' title='bbox 931 1610 1126 1662; x_wconf 88' lang='lat' dir='ltr'>quietem</span> <span class='ocrx_word' id='word_1_168' title='bbox 1172 1610 1314 1651; x_wconf 90' lang='lat' dir='ltr'>tocius</span> <span class='ocrx_word' id='word_1_169' title='bbox 1355 1610 1507 1664; x_wconf 92' lang='lat' dir='ltr'>populi</span> <span class='ocrx_word' id='word_1_170' title='bbox 1556 1610 1721 1659; x_wconf 88' lang='lat' dir='ltr'>Xtiani,</span> <span class='ocrx_word' id='word_1_171' title='bbox 1762 1608 1970 1663; x_wconf 90' lang='lat' dir='ltr'>profiteor</span> <span class='ocrx_word' id='word_1_172' title='bbox 2017 1613 2175 1662; x_wconf 86' lang='lat' dir='ltr'>sponte</span> <span class='ocrx_word' id='word_1_173' title='bbox 2214 1613 2261 1649; x_wconf 91' lang='lat' dir='ltr'>et</span> 
     </span>
     <span class='ocr_line' id='line_1_18' title="bbox 448 1687 2259 1744; baseline 0.001 -17"><span class='ocrx_word' id='word_1_174' title='bbox 448 1687 585 1728; x_wconf 89' lang='lat' dir='ltr'>libere</span> <span class='ocrx_word' id='word_1_175' title='bbox 630 1689 735 1729; x_wconf 93' lang='lat' dir='ltr'>dare</span> <span class='ocrx_word' id='word_1_176' title='bbox 782 1703 937 1742; x_wconf 85' lang='lat' dir='ltr'>pacem</span> <span class='ocrx_word' id='word_1_177' title='bbox 979 1690 1059 1743; x_wconf 89' lang='lat' dir='ltr'>ipsi</span> <span class='ocrx_word' id='word_1_178' title='bbox 1111 1690 1306 1731; x_wconf 82' lang='lat' dir='ltr'>ecclesiae</span> <span class='ocrx_word' id='word_1_179' title='bbox 1347 1704 1426 1744; x_wconf 89' lang='lat' dir='ltr'>per</span> <span class='ocrx_word' id='word_1_180' title='bbox 1469 1690 1586 1731; x_wconf 89' lang='lat' dir='ltr'>viam</span> <span class='ocrx_word' id='word_1_181' title='bbox 1638 1703 1748 1731; x_wconf 86' lang='lat' dir='ltr'>meae</span> <span class='ocrx_word' id='word_1_182' title='bbox 1797 1687 2007 1742; x_wconf 85' lang='lat' dir='ltr'>simplicis</span> <span class='ocrx_word' id='word_1_183' title='bbox 2051 1687 2259 1729; x_wconf 87' lang='lat' dir='ltr'>cessionis</span> 
     </span>
     <span class='ocr_line' id='line_1_19' title="bbox 449 1768 2259 1824; baseline 0.001 -16"><span class='ocrx_word' id='word_1_184' title='bbox 449 1775 651 1822; x_wconf 88' lang='lat' dir='ltr'>papatus,</span> <span class='ocrx_word' id='word_1_185' title='bbox 677 1775 721 1810; x_wconf 87' lang='lat' dir='ltr'>et</span> <span class='ocrx_word' id='word_1_186' title='bbox 753 1782 851 1809; x_wconf 87' lang='lat' dir='ltr'>eam</span> <span class='ocrx_word' id='word_1_187' title='bbox 878 1770 1021 1811; x_wconf 89' lang='lat' dir='ltr'>facere</span> <span class='ocrx_word' id='word_1_188' title='bbox 1055 1777 1100 1811; x_wconf 89' lang='lat' dir='ltr'>et</span> <span class='ocrx_word' id='word_1_189' title='bbox 1133 1770 1375 1824; x_wconf 90' lang='lat' dir='ltr'>adimplere</span> <span class='ocrx_word' id='word_1_190' title='bbox 1406 1784 1507 1812; x_wconf 90' lang='lat' dir='ltr'>cum</span> <span class='ocrx_word' id='word_1_191' title='bbox 1533 1770 1702 1821; x_wconf 86' lang='lat' dir='ltr'>effectu,</span> <span class='ocrx_word' id='word_1_192' title='bbox 1731 1769 1864 1823; x_wconf 81' lang='lat' dir='ltr'>juxta</span> <span class='ocrx_word' id='word_1_193' title='bbox 1893 1768 2259 1810; x_wconf 90' lang='lat' dir='ltr'>deliberationem</span> 
     </span>
     <span class='ocr_line' id='line_1_20' title="bbox 449 1848 2261 1904; baseline 0.001 -16"><span class='ocrx_word' id='word_1_194' title='bbox 449 1848 678 1902; x_wconf 84' lang='lat' dir='ltr'>praesentis</span> <span class='ocrx_word' id='word_1_195' title='bbox 718 1848 901 1900; x_wconf 89' lang='lat' dir='ltr'>concilii,</span> <span class='ocrx_word' id='word_1_196' title='bbox 937 1863 996 1891; x_wconf 92' lang='lat' dir='ltr'>sc.</span> <span class='ocrx_word' id='word_1_197' title='bbox 1036 1849 1416 1892; x_wconf 66' lang='lat' dir='ltr'>Constanciensis!</span> <span class='ocrx_word' id='word_1_198' title='bbox 1493 1851 1606 1892; x_wconf 89' lang='lat' dir='ltr'>Haec</span> <span class='ocrx_word' id='word_1_199' title='bbox 1649 1850 1860 1904; x_wconf 82' lang='lat' dir='ltr'>praedicta</span> <span class='ocrx_word' id='word_1_200' title='bbox 1898 1849 2033 1890; x_wconf 89' lang='lat' dir='ltr'>verba</span> <span class='ocrx_word' id='word_1_201' title='bbox 2071 1854 2175 1891; x_wconf 89' lang='lat' dir='ltr'>sunt</span> <span class='ocrx_word' id='word_1_202' title='bbox 2215 1849 2261 1890; x_wconf 89' lang='lat' dir='ltr'>in</span> 
     </span>
     <span class='ocr_line' id='line_1_21' title="bbox 434 1927 2259 1985; baseline 0.002 -16"><span class='ocrx_word' id='word_1_203' title='bbox 434 1927 525 1969; x_wconf 83' lang='lat' dir='ltr'>-illa</span> <span class='ocrx_word' id='word_1_204' title='bbox 555 1928 676 1970; x_wconf 87' lang='lat' dir='ltr'>bulla</span> <span class='ocrx_word' id='word_1_205' title='bbox 708 1943 837 1983; x_wconf 83' lang='lat' dir='ltr'>papae</span> <span class='ocrx_word' id='word_1_206' title='bbox 869 1930 1084 1983; x_wconf 88' lang='lat' dir='ltr'>Johannis</span> <span class='ocrx_word' id='word_1_207' title='bbox 1114 1931 1241 1984; x_wconf 84' lang='lat' dir='ltr'>xxiij,</span> <span class='ocrx_word' id='word_1_208' title='bbox 1268 1945 1401 1985; x_wconf 90' lang='lat' dir='ltr'>quam</span> <span class='ocrx_word' id='word_1_209' title='bbox 1431 1931 1520 1973; x_wconf 89' lang='lat' dir='ltr'>vidi</span> <span class='ocrx_word' id='word_1_210' title='bbox 1557 1931 1599 1972; x_wconf 91' lang='lat' dir='ltr'>in</span> <span class='ocrx_word' id='word_1_211' title='bbox 1636 1930 1850 1985; x_wconf 87' lang='lat' dir='ltr'>praedicto</span> <span class='ocrx_word' id='word_1_212' title='bbox 1880 1929 1991 1971; x_wconf 89' lang='lat' dir='ltr'>libro</span> <span class='ocrx_word' id='word_1_213' title='bbox 2022 1930 2094 1970; x_wconf 92' lang='lat' dir='ltr'>De</span> <span class='ocrx_word' id='word_1_214' title='bbox 2122 1929 2259 1985; x_wconf 88' lang='lat' dir='ltr'>gestis</span> 
     </span>
     <span class='ocr_line' id='line_1_22' title="bbox 451 2007 2258 2064; baseline 0.002 -15"><span class='ocrx_word' id='word_1_215' title='bbox 451 2007 809 2051; x_wconf 88' lang='lat' dir='ltr'>Constanciensis</span> <span class='ocrx_word' id='word_1_216' title='bbox 841 2009 1022 2059; x_wconf 88' lang='lat' dir='ltr'>concilii,</span> <span class='ocrx_word' id='word_1_217' title='bbox 1050 2017 1095 2052; x_wconf 89' lang='lat' dir='ltr'>et</span> <span class='ocrx_word' id='word_1_218' title='bbox 1127 2017 1252 2064; x_wconf 89' lang='lat' dir='ltr'>patet</span> <span class='ocrx_word' id='word_1_219' title='bbox 1282 2012 1423 2053; x_wconf 90' lang='lat' dir='ltr'>eciam</span> <span class='ocrx_word' id='word_1_220' title='bbox 1453 2011 1498 2052; x_wconf 92' lang='lat' dir='ltr'>in</span> <span class='ocrx_word' id='word_1_221' title='bbox 1531 2010 1606 2052; x_wconf 87' lang='lat' dir='ltr'>illa</span> <span class='ocrx_word' id='word_1_222' title='bbox 1636 2010 1760 2052; x_wconf 88' lang='lat' dir='ltr'>bulla</span> <span class='ocrx_word' id='word_1_223' title='bbox 1790 2024 1918 2064; x_wconf 84' lang='lat' dir='ltr'>papae</span> <span class='ocrx_word' id='word_1_224' title='bbox 1949 2009 2163 2063; x_wconf 87' lang='lat' dir='ltr'>Johannis</span> <span class='ocrx_word' id='word_1_225' title='bbox 2189 2020 2258 2064; x_wconf 83' lang='lat'>23,</span> 
     </span>
     <span class='ocr_line' id='line_1_23' title="bbox 449 2088 2260 2144; baseline 0 -14"><span class='ocrx_word' id='word_1_226' title='bbox 449 2089 570 2143; x_wconf 90' lang='lat' dir='ltr'>quod</span> <span class='ocrx_word' id='word_1_227' title='bbox 604 2090 699 2143; x_wconf 91' lang='lat' dir='ltr'>ipse</span> <span class='ocrx_word' id='word_1_228' title='bbox 738 2095 845 2131; x_wconf 88' lang='lat' dir='ltr'>tunc</span> <span class='ocrx_word' id='word_1_229' title='bbox 874 2104 993 2144; x_wconf 91' lang='lat' dir='ltr'>papa</span> <span class='ocrx_word' id='word_1_230' title='bbox 1033 2091 1363 2133; x_wconf 87' lang='lat' dir='ltr'>universitatem</span> <span class='ocrx_word' id='word_1_231' title='bbox 1404 2091 1575 2133; x_wconf 90' lang='lat' dir='ltr'>concilii</span> <span class='ocrx_word' id='word_1_232' title='bbox 1614 2090 1970 2133; x_wconf 89' lang='lat' dir='ltr'>Constanciensis</span> <span class='ocrx_word' id='word_1_233' title='bbox 2010 2088 2260 2144; x_wconf 86' lang='lat' dir='ltr'>requirebat</span> 
     </span>
     <span class='ocr_line' id='line_1_24' title="bbox 449 2169 2260 2225; baseline -0.001 -14"><span class='ocrx_word' id='word_1_234' title='bbox 449 2175 494 2211; x_wconf 89' lang='lat' dir='ltr'>et</span> <span class='ocrx_word' id='word_1_235' title='bbox 519 2170 779 2212; x_wconf 86' lang='lat' dir='ltr'>hortabatur</span> <span class='ocrx_word' id='word_1_236' title='bbox 808 2169 853 2211; x_wconf 91' lang='lat' dir='ltr'>in</span> <span class='ocrx_word' id='word_1_237' title='bbox 883 2170 1090 2220; x_wconf 87' lang='lat' dir='ltr'>Domino,</span> <span class='ocrx_word' id='word_1_238' title='bbox 1120 2172 1240 2225; x_wconf 89' lang='lat' dir='ltr'>quod</span> <span class='ocrx_word' id='word_1_239' title='bbox 1273 2172 1452 2213; x_wconf 88' lang='lat' dir='ltr'>Petrum</span> <span class='ocrx_word' id='word_1_240' title='bbox 1483 2171 1540 2212; x_wconf 91' lang='lat' dir='ltr'>de</span> <span class='ocrx_word' id='word_1_241' title='bbox 1570 2170 1710 2222; x_wconf 89' lang='lat' dir='ltr'>Luna,</span> <span class='ocrx_word' id='word_1_242' title='bbox 1741 2170 2033 2212; x_wconf 89' lang='lat' dir='ltr'>Benedictum</span> <span class='ocrx_word' id='word_1_243' title='bbox 2060 2169 2182 2224; x_wconf 73' lang='lat' dir='ltr'>xiijm‚</span> <span class='ocrx_word' id='word_1_244' title='bbox 2214 2175 2260 2211; x_wconf 91' lang='lat' dir='ltr'>et</span> 
     </span>
     <span class='ocr_line' id='line_1_25' title="bbox 448 2248 2260 2305; baseline 0 -15"><span class='ocrx_word' id='word_1_245' title='bbox 448 2249 677 2303; x_wconf 86' lang='lat' dir='ltr'>Angelum</span> <span class='ocrx_word' id='word_1_246' title='bbox 719 2250 775 2291; x_wconf 93' lang='lat' dir='ltr'>de</span> <span class='ocrx_word' id='word_1_247' title='bbox 811 2249 1017 2302; x_wconf 90' lang='lat' dir='ltr'>Coriario,</span> <span class='ocrx_word' id='word_1_248' title='bbox 1055 2250 1317 2304; x_wconf 86' lang='lat' dir='ltr'>Gregorium</span> <span class='ocrx_word' id='word_1_249' title='bbox 1349 2251 1456 2305; x_wconf 75' lang='lat' dir='ltr'>xijm‚</span> <span class='ocrx_word' id='word_1_250' title='bbox 1497 2264 1684 2305; x_wconf 88' lang='lat' dir='ltr'>quorum</span> <span class='ocrx_word' id='word_1_251' title='bbox 1724 2256 1909 2304; x_wconf 86' lang='lat' dir='ltr'>uterque</span> <span class='ocrx_word' id='word_1_252' title='bbox 1951 2251 1996 2292; x_wconf 91' lang='lat' dir='ltr'>in</span> <span class='ocrx_word' id='word_1_253' title='bbox 2035 2263 2117 2291; x_wconf 87' lang='lat' dir='ltr'>sua</span> <span class='ocrx_word' id='word_1_254' title='bbox 2155 2248 2260 2291; x_wconf 93' lang='lat' dir='ltr'>obe-</span> 
     </span>
     <span class='ocr_line' id='line_1_26' title="bbox 448 2331 2256 2386; baseline -0.001 -15"><span class='ocrx_word' id='word_1_255' title='bbox 448 2331 620 2372; x_wconf 91' lang='lat' dir='ltr'>diencia</span> <span class='ocrx_word' id='word_1_256' title='bbox 665 2331 1009 2385; x_wconf 89' lang='lat' dir='ltr'>nuncupabatur,</span> <span class='ocrx_word' id='word_1_257' title='bbox 1046 2332 1103 2373; x_wconf 90' lang='lat' dir='ltr'>ad</span> <span class='ocrx_word' id='word_1_258' title='bbox 1145 2332 1311 2373; x_wconf 87' lang='lat' dir='ltr'>dictam</span> <span class='ocrx_word' id='word_1_259' title='bbox 1352 2345 1507 2386; x_wconf 89' lang='lat' dir='ltr'>pacem</span> <span class='ocrx_word' id='word_1_260' title='bbox 1548 2331 1793 2382; x_wconf 87' lang='lat' dir='ltr'>invitarent,</span> <span class='ocrx_word' id='word_1_261' title='bbox 1834 2337 1879 2372; x_wconf 92' lang='lat' dir='ltr'>et</span> <span class='ocrx_word' id='word_1_262' title='bbox 1923 2331 2063 2373; x_wconf 91' lang='lat' dir='ltr'>eciam</span> <span class='ocrx_word' id='word_1_263' title='bbox 2103 2342 2256 2370; x_wconf 90' lang='lat' dir='ltr'>eorum</span> 
     </span>
     <span class='ocr_line' id='line_1_27' title="bbox 448 2408 2259 2464; baseline -0.001 -13"><span class='ocrx_word' id='word_1_264' title='bbox 448 2411 741 2462; x_wconf 91' lang='lat' dir='ltr'>obediencias,</span> <span class='ocrx_word' id='word_1_265' title='bbox 766 2417 810 2453; x_wconf 91' lang='lat' dir='ltr'>et</span> <span class='ocrx_word' id='word_1_266' title='bbox 842 2411 983 2453; x_wconf 91' lang='lat' dir='ltr'>eciam</span> <span class='ocrx_word' id='word_1_267' title='bbox 1014 2412 1133 2464; x_wconf 91' lang='lat' dir='ltr'>quod</span> <span class='ocrx_word' id='word_1_268' title='bbox 1165 2411 1272 2453; x_wconf 88' lang='lat' dir='ltr'>illud</span> <span class='ocrx_word' id='word_1_269' title='bbox 1305 2411 1536 2454; x_wconf 88' lang='lat' dir='ltr'>concilium</span> <span class='ocrx_word' id='word_1_270' title='bbox 1567 2411 1768 2452; x_wconf 85' lang='lat' dir='ltr'>similiter</span> <span class='ocrx_word' id='word_1_271' title='bbox 1797 2411 2023 2453; x_wconf 89' lang='lat' dir='ltr'>induceret</span> <span class='ocrx_word' id='word_1_272' title='bbox 2053 2416 2099 2451; x_wconf 91' lang='lat' dir='ltr'>et</span> <span class='ocrx_word' id='word_1_273' title='bbox 2127 2408 2259 2450; x_wconf 83' lang='lat' dir='ltr'>affec-</span> 
     </span>
     <span class='ocr_line' id='line_1_28' title="bbox 449 2476 2259 2546; baseline -0.001 -14"><span class='ocrx_word' id='word_1_274' title='bbox 449 2491 628 2533; x_wconf 89' lang='lat' dir='ltr'>tualiter</span> <span class='ocrx_word' id='word_1_275' title='bbox 665 2492 812 2533; x_wconf 89' lang='lat' dir='ltr'>induci</span> <span class='ocrx_word' id='word_1_276' title='bbox 847 2498 1098 2546; x_wconf 89' lang='lat' dir='ltr'>procuraret</span> <span class='ocrx_word' id='word_1_277' title='bbox 1129 2492 1421 2534; x_wconf 89' lang='lat' dir='ltr'>Benedictum</span> <span class='ocrx_word' id='word_1_278' title='bbox 1452 2491 1563 2544; x_wconf 81' lang='lat' dir='ltr'>xiijm</span> <span class='ocrx_word' id='word_1_279' title='bbox 1597 2491 1655 2532; x_wconf 92' lang='lat' dir='ltr'>ad</span> <span class='ocrx_word' id='word_1_280' title='bbox 1694 2491 1812 2533; x_wconf 87' lang='lat' dir='ltr'>viam</span> <span class='ocrx_word' id='word_1_281' title='bbox 1853 2498 2019 2533; x_wconf 87' lang='lat' dir='ltr'>mutuae</span> <span class='ocrx_word' id='word_1_282' title='bbox 2051 2476 2259 2532; x_wconf 88' lang='lat' dir='ltr'>cessionis</span> 
     </span>
     <span class='ocr_line' id='line_1_29' title="bbox 449 2571 2258 2626; baseline -0.001 -14"><span class='ocrx_word' id='word_1_283' title='bbox 449 2571 631 2613; x_wconf 89' lang='lat' dir='ltr'>celerius</span> <span class='ocrx_word' id='word_1_284' title='bbox 661 2573 950 2626; x_wconf 82' lang='lat' dir='ltr'>exequendae.</span> <span class='ocrx_word' id='word_1_285' title='bbox 1014 2571 1250 2625; x_wconf 83' lang='lat' dir='ltr'>Gregorius</span> <span class='ocrx_word' id='word_1_286' title='bbox 1282 2573 1398 2614; x_wconf 91' lang='lat' dir='ltr'>enim</span> <span class='ocrx_word' id='word_1_287' title='bbox 1433 2571 1495 2625; x_wconf 79' lang='lat' dir='ltr'>xij</span> <span class='ocrx_word' id='word_1_288' title='bbox 1525 2577 1693 2626; x_wconf 92' lang='lat' dir='ltr'>postea,</span> <span class='ocrx_word' id='word_1_289' title='bbox 1714 2586 1794 2626; x_wconf 91' lang='lat' dir='ltr'>per</span> <span class='ocrx_word' id='word_1_290' title='bbox 1821 2586 1923 2614; x_wconf 88' lang='lat' dir='ltr'>suos</span> <span class='ocrx_word' id='word_1_291' title='bbox 1954 2576 2258 2626; x_wconf 88' lang='lat' dir='ltr'>procuratores</span> 
     </span>
     <span class='ocr_line' id='line_1_30' title="bbox 451 2651 2257 2707; baseline -0.001 -15"><span class='ocrx_word' id='word_1_292' title='bbox 451 2651 742 2704; x_wconf 80' lang='lat' dir='ltr'>Constanciae,</span> <span class='ocrx_word' id='word_1_293' title='bbox 771 2659 986 2706; x_wconf 88' lang='lat' dir='ltr'>papatum</span> <span class='ocrx_word' id='word_1_294' title='bbox 1007 2666 1135 2692; x_wconf 89' lang='lat' dir='ltr'>suum</span> <span class='ocrx_word' id='word_1_295' title='bbox 1158 2653 1323 2694; x_wconf 91' lang='lat' dir='ltr'>ibidem</span> <span class='ocrx_word' id='word_1_296' title='bbox 1352 2652 1397 2693; x_wconf 90' lang='lat' dir='ltr'>in</span> <span class='ocrx_word' id='word_1_297' title='bbox 1418 2651 1602 2693; x_wconf 91' lang='lat' dir='ltr'>concilio</span> <span class='ocrx_word' id='word_1_298' title='bbox 1628 2652 1878 2707; x_wconf 88' lang='lat' dir='ltr'>resignavit.</span> <span class='ocrx_word' id='word_1_299' title='bbox 1925 2652 2079 2693; x_wconf 88' lang='lat' dir='ltr'>Petrus</span> <span class='ocrx_word' id='word_1_300' title='bbox 2106 2655 2257 2692; x_wconf 86' lang='lat' dir='ltr'>autem</span> 
     </span>
     <span class='ocr_line' id='line_1_31' title="bbox 449 2731 2257 2788; baseline -0.001 -17"><span class='ocrx_word' id='word_1_301' title='bbox 449 2731 506 2771; x_wconf 94' lang='lat' dir='ltr'>de</span> <span class='ocrx_word' id='word_1_302' title='bbox 541 2732 681 2782; x_wconf 88' lang='lat' dir='ltr'>Luna,</span> <span class='ocrx_word' id='word_1_303' title='bbox 719 2733 887 2775; x_wconf 90' lang='lat' dir='ltr'>habens</span> <span class='ocrx_word' id='word_1_304' title='bbox 919 2731 1193 2786; x_wconf 89' lang='lat' dir='ltr'>Aragoniam</span> <span class='ocrx_word' id='word_1_305' title='bbox 1226 2733 1269 2773; x_wconf 90' lang='lat' dir='ltr'>in</span> <span class='ocrx_word' id='word_1_306' title='bbox 1300 2746 1379 2774; x_wconf 89' lang='lat' dir='ltr'>sua</span> <span class='ocrx_word' id='word_1_307' title='bbox 1414 2731 1687 2781; x_wconf 87' lang='lat' dir='ltr'>obediencia,</span> <span class='ocrx_word' id='word_1_308' title='bbox 1719 2747 1800 2775; x_wconf 92' lang='lat' dir='ltr'>nec</span> <span class='ocrx_word' id='word_1_309' title='bbox 1835 2747 1915 2788; x_wconf 92' lang='lat' dir='ltr'>per</span> <span class='ocrx_word' id='word_1_310' title='bbox 1950 2732 2142 2785; x_wconf 89' lang='lat' dir='ltr'>seipsum</span> <span class='ocrx_word' id='word_1_311' title='bbox 2176 2741 2257 2770; x_wconf 91' lang='lat' dir='ltr'>nec</span> 
     </span>
     <span class='ocr_line' id='line_1_32' title="bbox 449 2807 2254 2868; baseline -0.001 -17"><span class='ocrx_word' id='word_1_312' title='bbox 449 2824 528 2863; x_wconf 85' lang='lat' dir='ltr'>per</span> <span class='ocrx_word' id='word_1_313' title='bbox 569 2813 750 2855; x_wconf 90' lang='lat' dir='ltr'>nuncios</span> <span class='ocrx_word' id='word_1_314' title='bbox 793 2826 1045 2868; x_wconf 88' lang='lat' dir='ltr'>comparere</span> <span class='ocrx_word' id='word_1_315' title='bbox 1082 2812 1359 2855; x_wconf 84' lang='lat' dir='ltr'>Constanciae</span> <span class='ocrx_word' id='word_1_316' title='bbox 1394 2811 1562 2863; x_wconf 84' lang='lat' dir='ltr'>voluit3</span> <span class='ocrx_word' id='word_1_317' title='bbox 1609 2812 1681 2854; x_wconf 92' lang='lat' dir='ltr'>ille</span> <span class='ocrx_word' id='word_1_318' title='bbox 1722 2813 1839 2855; x_wconf 88' lang='lat' dir='ltr'>enim</span> <span class='ocrx_word' id='word_1_319' title='bbox 1876 2811 2141 2855; x_wconf 88' lang='lat' dir='ltr'>Benedictus</span> <span class='ocrx_word' id='word_1_320' title='bbox 2176 2807 2254 2861; x_wconf 83' lang='lat' dir='ltr'>xiij</span> 
     </span>
    </p>
   </div>
  </div>
 </body>
</html>
