2456 3210
604 252 734 288 ωε]
768 252 807 287 E
846 251 1012 287 LIBRO
1059 251 1402 288 VERJTATUM.
1854 255 1904 299 77

108 398 236 441 tificis
271 404 316 441 et
349 398 478 440 bonis
512 399 613 440 viris
649 405 829 452 quaerat,
863 412 963 452 quae
999 411 1133 452 opera
1168 403 1213 438 et
1249 411 1360 451 quos
1395 402 1519 438 actus
1555 395 1696 437 bonos
1732 402 1909 438 tenetur

108 478 249 521 facere
281 493 339 521 ex
368 479 534 533 judicio
566 479 725 526 divino,
758 478 957 532 quamvis
989 477 1134 519 nullus
1167 478 1372 519 sacerdos
1407 477 1451 518 in
1486 477 1610 519 terris
1643 476 1741 518 illos
1782 482 1908 518 actus

108 560 191 600 sibi
231 560 430 615 imponat
469 573 549 602 nec
588 559 800 613 injungat.
872 558 976 600 Non
1010 557 1152 600 solum
1189 558 1306 599 enim
1346 558 1403 599 ad
1445 557 1758 612 poenitenciam
1794 556 1907 597 arbi-

108 640 286 681 trariam
322 641 600 682 attenderent
634 639 913 694 poenitente3‚
947 638 1131 688 scilicet,
1155 639 1213 680 ad
1245 638 1365 679 illam
1396 652 1531 692 quam
1562 638 1766 679 sacerdos
1796 650 1908 691 prae-

109 720 215 774 cipit
247 726 292 761 et
324 720 509 774 injungit
541 734 600 761 ex
636 733 716 760 suo
748 719 939 769 arbitrio,
969 719 1026 760 ad
1062 732 1196 772 quam
1229 719 1450 772 poenitens
1486 732 1574 759 non
1609 724 1794 769 tenetur,
1826 718 1908 758 nisi

109 802 311 842 sacerdos
362 802 400 842 ei
450 800 563 842 hanc
611 800 857 854 injungeret
906 806 951 841 et
1000 801 1255 853 imponeret,
1306 800 1382 841 sed
1434 799 1655 854 praecipue
1702 799 1909 840 attendat

109 881 328 935 poenitens
366 881 423 922 ad
463 894 515 922 ea
554 894 654 934 quae
694 881 893 934 praecipit
926 880 1144 921 Dominus
1184 880 1228 921 in
1265 879 1430 921 lumine
1470 879 1717 921 intellectus
1750 879 1820 920 vel
1864 879 1908 919 in

109 974 232 1002 sacra
272 961 495 1015 scriptura,
526 967 571 1002 et
610 961 729 1002 dicat
767 974 871 1001 vero
907 959 1142 1001 confessori
1183 967 1229 1001 et
1263 961 1452 1001 discreto
1489 960 1595 1000 illud
1633 960 1753 1013 quod
1793 959 1910 1000 dixit

110 1054 221 1082 unus
250 1040 447 1082 Actuum
488 1047 619 1082 sexto
655 1041 857 1082 decimo:
908 1040 1155 1081 ‘Domine!
1199 1041 1305 1094 quid
1347 1054 1419 1082 me
1463 1046 1639 1094 oportet
1678 1039 1818 1081 facere
1859 1045 1909 1080 ut

109 1120 255 1162 salvus
285 1119 439 1161 fiam?'
501 1119 615 1161 Cum
647 1121 764 1162 enim
795 1119 929 1161 homo
959 1120 1180 1173 obligatur
1211 1121 1293 1161 sub
1323 1120 1466 1174 poenis
1498 1120 1554 1161 ad
1587 1120 1797 1164 mandata
1827 1119 1909 1160 im-

110 1201 274 1255 plenda
308 1200 547 1252 hominum,
582 1207 750 1255 quanto
784 1201 923 1254 magis
956 1200 1177 1254 obligatur
1214 1201 1296 1242 sub
1331 1201 1475 1254 poenis
1509 1201 1567 1241 ad
1604 1205 1825 1253 praecepta
1863 1206 1909 1241 et

106 1281 271 1335 judicia
308 1281 404 1331 Dei,
435 1282 610 1333 scilicet,
646 1282 768 1323 odire
803 1281 1016 1322 offensam
1055 1281 1152 1331 Dei,
1184 1287 1228 1322 et
1259 1280 1359 1321 Deo
1389 1280 1545 1322 offerre
1585 1294 1685 1333 quae
1725 1279 1910 1321 abstulit

109 1375 138 1402 a
168 1362 278 1411 Deo,
315 1375 374 1404 se.
405 1361 628 1410 honorem,
661 1368 707 1403 et
736 1375 944 1411 amorem,
975 1366 1020 1402 et
1050 1361 1232 1411 animas,
1261 1361 1407 1411 verbo,
1437 1360 1565 1410 facto,
1595 1359 1665 1401 vel
1699 1360 1908 1414 exemplo

110 1441 241 1491 bono,
268 1441 462 1483 Domino
492 1442 731 1495 adquirere,
762 1455 871 1495 quas
901 1441 1020 1495 prius
1049 1440 1196 1491 verbo,
1225 1440 1294 1481 vel
1325 1440 1453 1491 facto,
1483 1440 1555 1481 vel
1584 1441 1703 1481 bono
1732 1441 1906 1489 omisso,

109 1521 178 1562 vel
209 1521 380 1563 defectu
411 1536 503 1570 suo,
524 1536 551 1563 a
580 1522 678 1563 Deo
706 1521 967 1572 retrahebat,
989 1527 1033 1562 et
1060 1535 1086 1562 a
1107 1521 1338 1562 virtutibus
1370 1521 1427 1562 ad
1455 1520 1578 1562 vicia.
1638 1520 1699 1561 Et
1727 1521 1761 1561 si
1791 1520 1910 1562 mala

110 1601 338 1652 eleccione,
377 1601 447 1643 vel
494 1601 730 1644 collacione
768 1601 982 1652 beneficii,
1023 1600 1096 1642 vel
1145 1601 1351 1652 ecclesiae,
1391 1600 1460 1642 vel
1510 1601 1651 1652 officii,
1689 1601 1759 1642 vel
1808 1615 1909 1655 pro-

111 1683 349 1733 curacione,
378 1682 570 1736 aliquem
606 1682 845 1724 inhabilem
882 1696 958 1723 seu
988 1682 1197 1723 viciosum
1229 1682 1273 1723 in
1304 1682 1514 1736 regimine
1543 1681 1772 1724 hominum
1803 1683 1908 1736 poni

110 1763 385 1814 consenserit,
420 1763 538 1804 unde
572 1768 617 1804 et
656 1776 735 1816 per
770 1776 902 1816 quem
939 1762 1056 1803 mala
1096 1762 1369 1815 proveniunt,
1406 1768 1450 1804 et
1489 1763 1607 1804 bona
1646 1770 1691 1805 et
1725 1763 1909 1804 virtutes

112 1849 308 1896 pereunt,
332 1849 376 1884 et
404 1842 522 1884 mala
549 1842 698 1884 debite
726 1856 814 1884 non
839 1843 1135 1891 destruuntur,
1160 1848 1266 1884 tunc
1293 1843 1393 1884 talis
1419 1848 1594 1884 tenetur
1619 1843 1677 1884 ad
1706 1842 1907 1897 plurima,

112 1928 163 1963 ut
194 1928 323 1964 nocte
357 1929 402 1964 et
438 1923 510 1964 die
546 1922 715 1964 laboret
750 1936 829 1976 per
862 1936 911 1963 se
943 1928 987 1963 et
1022 1936 1102 1975 per
1139 1921 1247 1963 alios
1282 1936 1361 1976 pro
1395 1922 1548 1964 talium
1580 1923 1906 1972 reformacione,

113 2002 224 2044 sicut
258 2002 444 2044 Sanctus
480 2003 640 2044 Paulus
679 2016 911 2045 conversus
944 2017 972 2044 a
1005 2003 1197 2056 peccatis
1236 2016 1336 2056 quae
1371 2003 1621 2057 ignoranter
1654 2003 1756 2045 fecit
1800 2018 1908 2045 mox

113 2082 438 2137 evangelizavit,
472 2090 517 2125 et
558 2084 719 2135 docuit,
755 2089 800 2125 et
839 2083 1106 2124 defendebat
1146 2082 1279 2124 fidem
1319 2089 1364 2125 et
1403 2084 1621 2135 virtutem,
1656 2098 1789 2137 quarn
1829 2084 1908 2125 ali-

114 2164 292 2216 quando
323 2165 610 2218 expugnabat
647 2171 692 2206 et
726 2164 915 2215 odiebat,
949 2170 996 2205 ut
1031 2168 1157 2217 patet
1189 2164 1247 2205 ad
1280 2163 1521 2215 Galathas;
1563 2179 1650 2205 non
1687 2172 1754 2205 est
1790 2166 1906 2205 enim

114 2243 241 2284 facile
271 2244 515 2297 exprimere
538 2246 595 2286 ad
621 2258 754 2299 quem
776 2251 820 2286 et
844 2245 901 2286 ad
930 2251 1039 2298 quot
1059 2250 1243 2295 tenetur,
1266 2245 1340 2298 qui
1371 2245 1548 2295 malum,
1569 2245 1638 2286 vel
1668 2245 1906 2285 inhabilem

114 2324 381 2377 episcopum,
414 2325 484 2366 vel
524 2326 745 2377 abbatem,
780 2325 849 2367 vel
890 2325 1083 2378 aliquem
1123 2331 1335 2366 rectorem
1375 2325 1539 2380 populi,
1573 2325 1687 2366 male
1729 2325 1907 2374 inducit,

113 2404 183 2445 vel
224 2411 463 2458 promovet,
501 2405 571 2447 vel
609 2407 654 2447 in
694 2420 774 2448 suo
814 2405 956 2447 officio
1000 2405 1127 2453 favet,
1170 2405 1239 2446 vel
1285 2407 1443 2447 retinet
1483 2405 1598 2446 malo
1648 2417 1798 2445 amore
1837 2404 1908 2445 vel

117 2484 234 2524 malo
274 2483 432 2534 favore,
470 2484 540 2526 vel
580 2499 659 2539 pro
699 2485 817 2527 malo
856 2487 1023 2536 timore,
1059 2492 1109 2526 ut
1149 2485 1342 2527 ostendit
1381 2486 1536 2527 doctor
1565 2483 1811 2524 &Villelmus
1851 2484 1909 2525 de

115 2563 339 2614 Alverina,
387 2564 615 2618 episcopus
666 2565 930 2616 Pastsiensis,
980 2578 1113 2618 opere
1162 2578 1242 2606 suo
1295 2566 1431 2606 nobili
1482 2571 1527 2605 et
1581 2563 1802 2604 fructuoso
1850 2564 1908 2605 de

117 2643 412 2693 sacramentis,
443 2643 636 2697 capitulo
671 2645 728 2686 de
762 2645 1063 2686 satisfaccione
1079 2659 1090 2696 3
1126 2645 1227 2698 quia
1262 2646 1504 2687 satisfaccio
1540 2657 1626 2685 non
1662 2649 1729 2684 est
1764 2643 1907 2684 solum

116 2724 316 2766 facienda
357 2723 413 2764 de
453 2736 498 2764 re
537 2724 767 2777 temporali
806 2725 967 2776 ablata,
1002 2725 1079 2766 sed
1120 2725 1177 2766 de
1217 2725 1334 2767 bono
1375 2732 1543 2766 naturae
1585 2730 1629 2765 et
1663 2723 1821 2777 graciae
1863 2730 1908 2765 et

116 2804 266 2858 gloriae
296 2804 474 2854 ablat03
507 2804 623 2845 unde
654 2805 795 2858 primo
829 2806 1005 2860 Regum
1041 2813 1183 2858 sexto,
1211 2811 1220 2827 ‘
1239 2805 1371 2860 Quod
1405 2804 1576 2847 debetis
1609 2804 1776 2845 reddite
1809 2805 1908 2846 Deo
