2456 3210
389 198 444 238 42
891 176 1023 228 [σε]
1057 191 1096 227 Ε
1134 192 1299 228 LIBRO
1348 189 1548 238 VERJTA
1558 193 1689 243 TUM,

391 335 645 390 episcopum
666 333 836 384 Sarum,
854 334 1126 376 Willelmum
1142 335 1283 384 Asku,
1299 342 1343 376 et
1359 335 1573 390 persecuti
1596 341 1696 378 sunt
1718 334 1971 390 episcopum
1994 334 2189 389 cestriae,

393 414 539 458 Buthe
560 415 748 465 nomine,
775 420 820 456 et
841 415 1095 469 episcopum
1124 416 1464 469 Norwicensem‚
1486 415 1733 458 Walterum
1756 415 1908 469 Lyart,
1929 422 1974 457 et
2002 422 2189 460 rectores

392 500 437 539 et
468 495 651 537 vicarios
684 484 882 537 diversos
917 496 961 537 in
1000 495 1175 545 Cancia,
1210 502 1254 538 et
1290 496 1423 550 juxta
1464 495 1624 538 Sarum
1660 501 1705 537 et
1742 495 2051 550 Hungyrforth
2086 508 2189 551 spo-

391 574 606 618 liaverunt
623 589 632 627 ;
664 582 708 617 et
730 576 885 617 eodem
916 589 1033 617 anno
1054 576 1231 618 intravit
1252 577 1347 618 dux
1370 576 1558 618 Eboraci
1578 576 1623 617 in
1644 575 1856 629 Angliam
1879 575 1936 617 ab
1959 575 2214 627 Hibernia,-

371 655 436 708 ηἰιι
467 669 554 709 qua
584 662 687 697 tunc
718 655 870 705 fuerat,
893 662 1044 698 contra
1074 656 1345 698 voluntatem
1376 669 1513 706 suam,
1537 658 1595 698 e'x
1629 656 1840 698 mandato
1871 656 1984 711 regis
2008 655 2188 711 Angliae

393 733 574 778 Henrici
610 734 751 787 Sexti,
772 742 816 778 et
846 749 993 777 revera
1027 750 1086 777 ex
1109 751 1198 790 quo
1229 737 1466 791 praedictus
1490 720 1719 791 episcopus
1748 737 2020 791 Reginaldus
2042 736 2189 779 Pecok

391 821 437 858 et
456 816 528 858 alii
551 815 743 870 episcopi
764 830 842 871 per
862 830 1011 871 regem
1033 817 1245 859 intrantes
1267 818 1487 867 dixerunt,
1513 817 1631 872 quod
1654 817 1846 872 episcopi
1869 831 1957 858 non
1985 823 2190 862 tenentur

390 896 627 951 praedicare
659 909 738 950 per
764 896 930 951 seipsos
959 897 1178 946 vocaliter,
1210 897 1331 939 Deus
1359 898 1639 951 omnipotens
1666 897 1918 952 praedicavit
1951 897 1994 938 in
2021 896 2190 952 Anglia

391 976 575 1028 realiter,
606 977 829 1031 puniendo
870 976 1043 1019 realiter
1077 983 1121 1019 et
1161 978 1303 1032 puniri
1339 978 1637 1032 permittendo
1671 978 1900 1032 episcopos
1936 978 1986 1031 in
2010 977 2189 1033 Anglia,

389 1071 575 1112 quorum
597 1058 755 1099 diversi
786 1058 830 1099 in
851 1057 1018 1112 Anglia
1048 1058 1179 1100 occisi
1210 1064 1312 1100 sunt
1344 1072 1460 1100 anno
1492 1058 1673 1100 Domini
1701 1067 1821 1112 1450,
1841 1058 1977 1113 aliqui
2000 1065 2190 1111 mortem

388 1138 550 1180 cotidie
570 1144 675 1180 tunc
696 1143 1051 1192 expectaverunt,
1076 1145 1120 1180 et
1141 1138 1275 1193 aliqui
1297 1139 1353 1180 de
1383 1139 1510 1180 bonis
1541 1139 1629 1180 suis
1660 1139 1840 1180 terrenis
1869 1138 2044 1192 spoliati
2072 1121 2189 1199 sunt,

390 1224 435 1260 et
456 1219 615 1260 domus
640 1232 790 1260 eorum
815 1219 1050 1260 destructae
1077 1226 1120 1261 et
1148 1220 1205 1260 ad
1227 1225 1390 1261 terram
1411 1218 1619 1274 proj-ectae
1640 1219 1826 1260 fuerunt.
1878 1219 2050 1260 Eodem
2071 1232 2188 1261 anno

391 1305 435 1341 et
468 1298 638 1352 legistae
679 1298 825 1353 cupidi
860 1312 961 1340 cum
1005 1299 1067 1340 eis
1112 1306 1343 1342 manentes
1379 1299 1507 1342 occisi
1540 1298 1726 1350 fuerunt,
1763 1305 1807 1340 et
1842 1299 2108 1351 incarcerati,
2143 1304 2189 1341 et

389 1379 446 1427 de
475 1378 603 1420 bonis
633 1379 835 1433 spoliati3
867 1386 911 1421 et
941 1393 1056 1420 anno
1080 1379 1262 1421 Domini
1288 1389 1397 1434 1450
1418 1380 1534 1421 dixit
1565 1379 1695 1420 michi
1727 1378 1943 1432 Magister
1961 1379 2188 1432 Johannes

393 1458 576 1513 Horley,
608 1459 860 1513 capellanus
892 1459 1090 1514 praedicti
1128 1460 1320 1514 episcopi
1355 1459 1590 1514 Reginaldi
1622 1459 1778 1509 Pecok,
1806 1459 1925 1513 quod
1957 1460 2188 1514 episcopus

391 1546 458 1582 est
482 1538 574 1592 jam
604 1528 726 1581 istius
748 1539 849 1581 fidei
871 1540 1008 1581 firmae
1030 1541 1148 1594 quod
1176 1541 1370 1594 episcopi
1391 1519 1599 1582 tenentur
1614 1539 1851 1593 praedicare
1870 1539 2087 1590 vocaliter,
2110 1539 2190 1596 sed,
2319 1583 2346 1601 Γ
2391 1589 2399 1595 Ι,

390 1633 478 1662 non
519 1626 725 1661 tenentur
764 1620 1002 1674 praedicare
1051 1621 1185 1662 modo
1233 1621 1407 1671 usitato,
1448 1626 1492 1662 et
1532 1619 1642 1660 infra
1680 1619 1893 1660 ducentos
1932 1633 2070 1660 annos
2108 1633 2189 1674 per

390 1699 586 1743 novellos
621 1700 930 1754 praedicatores
961 1701 1151 1753 inducto,
1183 1715 1241 1744 sc.
1271 1701 1530 1756 accipiendo
1565 1699 1716 1742 thema
1752 1706 1796 1741 et
1829 1700 1894 1741 uti
1930 1699 2190 1745 induccione

390 1779 599 1824 thematis
619 1793 698 1833 per
728 1781 1026 1822 narracionem
1049 1782 1257 1831 materiae,
1279 1795 1379 1836 quae
1410 1779 1630 1823 concludit
1651 1779 1785 1821 verba
1809 1778 2018 1821 thematis
2048 1780 2186 1835 repeti

390 1868 435 1905 et
451 1861 632 1911 recitari,
651 1867 695 1902 et
711 1867 814 1903 tunc
831 1861 1064 1903 divisiones
1079 1862 1231 1913 facere,
1245 1877 1332 1917 quo
1347 1862 1480 1903 modo
1496 1860 1664 1915 antiqui
1682 1861 1820 1901 sancti
1838 1873 1924 1901 non
1942 1855 2189 1916 utebantur,

390 1949 440 1985 ut
460 1947 584 1997 patet
606 1942 648 1982 in
670 1942 942 1983 sermonibus
964 1948 1008 1984 et
1033 1942 1076 1983 in
1099 1943 1268 1984 omeliis
1291 1922 1442 1985 Sancti
1462 1940 1702 1996 Augustini
1724 1947 1768 1982 et
1791 1939 1941 1983 Sancti
1963 1939 2188 1993 Bernardi,

390 2024 464 2079 qui
485 2022 783 2079 praedicabant
801 2021 916 2063 clero
932 2029 976 2064 et
997 2016 1165 2077 populo*
1179 2023 1447 2077 postillando
1465 2028 1509 2064 et
1525 2021 1791 2075 exponendo
1808 2026 1983 2062 textum
2003 2020 2187 2076 alicujus

390 2103 580 2160 apostoli
628 2102 869 2144 secundum
920 2103 1119 2144 ordinem
1171 2110 1322 2145 textus
1367 2109 1412 2145 et
1458 2101 1696 2156 aliquando
1746 2100 2055 2155 praedicabant,
2096 2111 2185 2142 non

391 2165 669 2241 postillando‚
706 2197 785 2225 nec
821 2184 1086 2237 exponendo
1125 2190 1300 2226 textum
1341 2182 1522 2236 alicujus
1561 2179 1753 2235 capituli,
1790 2181 1867 2222 sed
1908 2180 2184 2230 declarando,

390 2247 570 2321 quando
614 2264 908 2315 declarabant,
947 2263 1153 2305 articulos
1194 2264 1464 2318 pertinentes
1505 2260 1589 2303 illis
1629 2260 1831 2311 materiis,
1868 2274 1977 2314 quas
2017 2260 2185 2315 absque

389 2348 538 2403 aliquo
578 2345 775 2388 themate
810 2345 1115 2399 proponebant
1155 2357 1301 2386 coram
1339 2344 1454 2385 clero
1484 2356 1559 2382 seu
1591 2340 1754 2395 populo
1789 2340 2074 2383 declarandas
2107 2353 2187 2394 per

390 2429 608 2471 racionem
632 2433 676 2469 et
697 2439 774 2480 per
793 2425 1063 2479 scripturam.

505 2514 550 2558 [p.
572 2512 666 2557 406.]
726 2505 799 2548 Sic
836 2518 951 2546 anno
983 2504 1162 2545 Domini
1196 2513 1316 2555 1450,
1337 2502 1515 2556 quando
1545 2501 1735 2543 surrexit
1766 2500 2057 2543 communitas
2085 2499 2184 2541 An-

391 2588 489 2642 gliae
518 2588 561 2629 in
587 2586 769 2630 diversis
791 2584 903 2626 locis
929 2590 1082 2626 contra
1116 2582 1443 2633 ecclesiasticos,
1465 2582 1683 2636 praecipue
1705 2581 1920 2623 Ricardus
1953 2580 2186 2635 episcopus

392 2667 561 2717 Sarum,
591 2673 635 2709 et
668 2665 904 2714 Gilbertus,
924 2665 1116 2706 decanus
1145 2663 1259 2705 illius
1288 2661 1482 2704 ecclesiae
1515 2663 1570 2703 de
1602 2661 1773 2713 Sarum,
1803 2668 1847 2706 et
1881 2661 1955 2704 alii
1990 2673 2089 2702 cum
2120 2659 2182 2700 eis

390 2746 608 2797 dixerunt,
632 2749 641 2767 ‘
656 2746 703 2789 Si
725 2745 1032 2800 praedicatores
1053 2757 1140 2785 non
1163 2742 1357 2792 fuissent,
1378 2741 1578 2787 homines
1604 2756 1691 2784 non
1719 2741 2011 2784 surrexissent
2031 2744 2182 2782 contra
