2456 3210
388 177 444 219 34
891 168 1022 205 LOCI
1058 169 1095 205 E
1133 168 1298 204 LIBRO
1347 167 1691 203 VERJTATUM.

389 325 486 353 ores
517 318 677 353 vacant
713 312 889 364 deliciis,
927 319 970 354 et
1011 313 1293 367 episcopatus,
1327 317 1370 353 et
1409 317 1571 365 magna
1607 310 1750 351 officia
1790 310 1984 353 eeclesiae
2025 309 2206 352 habent'

360 392 471 433 -sibi
508 392 613 446 ipsis
650 406 869 442 concessa,
902 393 1068 435 domini
1108 398 1348 446 antequam
1387 397 1562 443 vacent,
1601 397 1645 434 et
1676 404 1809 433 onera
1839 405 1918 434 sua
1947 390 2044 435 aliis
2075 404 2204 433 com--

389 473 572 515 mittunt
598 479 642 515 et
670 473 751 527 ipsi
780 488 868 515 non
897 479 1198 528 cooperantur,
1221 486 1300 514 nec
1330 471 1539 526 operibus
1570 471 1822 512 melioribus
1843 477 1889 515 et
1909 470 2206 514 sanctioribus

388 559 558 604 vacant,
592 560 636 595 et
667 567 820 601 omnes
853 554 1148 596 correcciones
1179 554 1426 595 animarum
1459 552 1550 596 fere
1581 552 1864 594 destruuntur
1893 566 1972 606 per
2001 551 2205 606 appella-2

353 614 536 681 *aciones
575 633 646 675 vel
696 648 775 688 per
823 634 1108 677 inhibiciones
1152 633 1295 675 Curiae
1336 634 1393 676 de
1427 624 1640 677 *Arcubus
1681 630 1950 674 Londoniae!
2031 632 2083 673 In
2127 632 2206 674 his>

389 713 545 755 diebus
574 713 710 756 habet
746 715 984 758 *duodecim
1017 715 1262 769 prebendas
1293 727 1405 757 unus
1433 712 1798 767 juvenisfatuus,
1834 727 1967 767 quem
2003 713 2116 764 novi,
2153 719 2205 769 εξ

389 807 525 836 unum
559 808 768 849 magnum
799 795 1203 839 archidiaconatum
1235 795 1279 836 in
1315 793 1494 849 Anglia,
1534 800 1579 837 et
1619 799 1714 836 tum
1752 807 1841 836 non
1873 799 1939 836 est
1978 774 2235 842 sacerdos„-

389 887 470 917 nec
491 888 684 929 unquam
708 875 788 918 erit
815 875 974 919 habilis
997 881 1044 918 ut
1065 876 1122 917 sit
1147 875 1362 926 sacerdos,
1383 875 1465 918 nisi
1484 874 1606 916 Deus
1625 873 1757 916 faciat
1779 873 2064 926 miraculum;
2096 874 2205 916 novi·

389 955 506 996 enim
539 955 658 1009 quod
689 969 716 1001 a
741 955 976 1010 juventute
1007 970 1085 1000 sua
1105 956 1185 1000 fuit
1216 961 1261 998 et
1292 961 1359 999 est
1388 955 1535 999 fatuus
1566 954 1851 998 naturaliter:
1881 961 1926 998 et
1951 954 2052 998 novi
2077 953 2205 1008 quod.»

388 1033 486 1077 laici
523 1035 771 1089 voluptuosi
814 1042 858 1079 et
893 1037 938 1079 in
972 1036 1186 1080 adulterio
1221 1036 1418 1080 viventes
1451 1035 1617 1079 habent
1652 1035 1770 1077 bona
1800 1048 1878 1077 sua
1910 1039 1954 1077 et
1994 1033 2126 1076 nichil
2158 1034 2203 1077 ei*

387 1116 586 1160 tribuunt
622 1116 702 1158 nisi
738 1118 857 1171 quod
889 1117 950 1160 eis
985 1115 1144 1171 placet.
1224 1116 1337 1166 Heu,
1374 1116 1473 1167 heu,
1509 1116 1702 1159 Domine
1733 1115 1868 1166 Deus,
1901 1115 2004 1168 quia
2034 1114 2204 1157 creavit&

389 1195 617 1242 ecclesiam
649 1196 1018 1251 malignancium!

506 1282 549 1326 [p.
574 1282 666 1328 379]
728 1276 839 1331 Quis
866 1284 970 1319 tunc
1001 1283 1164 1322 annata
1195 1277 1326 1321 solvit
1354 1276 1560 1320 Romano
1587 1275 1785 1330 pontifici
1813 1281 2055 1330 antequam
2083 1281 2203 1318 esset:

360 1355 659 1411 >stepiscopus?
737 1356 869 1400 Certe
901 1357 1076 1409 nullus;
1127 1358 1206 1400 sed
1241 1357 1470 1411 Johannes
1506 1356 1626 1410 xxij⁰
1661 1369 1778 1411 papa
1822 1356 2051 1398 Romanus
2086 1355 2204 1398 tales]

389 1436 597 1490 pecunias
629 1438 723 1480 sedi
761 1437 979 1479 Romanae
1015 1438 1264 1492 procuravit
1300 1451 1380 1493 pro
1415 1444 1531 1479 terra
1571 1437 1871 1491 promissionis
1912 1437 2137 1491 eripienda
2171 1451 2203 1479 a·
2266 1458 2270 1463 ·

391 1516 595 1562 manibus
637 1532 909 1572 paganorum
950 1525 994 1560 et
1033 1518 1278 1573 gentilium,
1309 1524 1354 1561 et
1395 1523 1550 1572 postea
1589 1518 1788 1571 pecuniae
1832 1516 1919 1559 illae
1970 1524 2199 1559 remanent

391 1610 576 1646 camerae
616 1598 762 1652 Papae,
794 1604 841 1640 ut
882 1598 1198 1642 distribuantur
1238 1599 1351 1641 inter
1385 1597 1627 1640 cardinales
1662 1602 1707 1639 et
1746 1596 2032 1639 cubicularios
2063 1597 2201 1652 Papae

391 1684 436 1719 et
473 1677 566 1733 ejus
602 1678 836 1728 ministros,
874 1680 948 1733 qui
979 1678 1085 1732 jam,
1119 1686 1168 1721 ut
1202 1678 1433 1721 manifeste
1463 1678 1609 1720 evidet
1650 1690 1708 1719 ex
1732 1667 1896 1719 veorum
1930 1677 2066 1730 factis,
2097 1677 2202 1732 plus

390 1756 557 1800 faciunt
598 1772 677 1812 pro
718 1760 904 1813 pecunia
945 1760 1194 1814 recipienda
1231 1773 1367 1814 quam
1408 1758 1515 1800 fiant
1555 1758 1694 1799 sancti
1735 1763 1880 1811 patres
1924 1757 2112 1800 instituti
2153 1758 2203 1800 in

391 1837 588 1889 ecclesia,
624 1840 727 1893 quia
772 1839 1002 1883 deficiente
1038 1840 1223 1894 pecunia
1263 1839 1538 1893 denegantur
1577 1836 1710 1879 bullae
1743 1837 1924 1892 papales
1967 1852 2067 1891 quae
2103 1838 2199 1893 jam

391 1919 671 1972 requiruntur
703 1919 923 1973 episcopo,
959 1925 1003 1962 et
1043 1920 1320 1962 confirmacio
1362 1918 1603 1967 eleccionis,
1640 1924 1684 1959 et
1723 1918 1865 1959 omnis
1907 1918 2067 1961 eleccio
2108 1918 2224 1967 fero}

390 1998 567 2053 propria
606 1998 837 2042 voluntate
880 2000 1049 2043 utinam
1090 2014 1177 2042 non
1223 2001 1317 2043 sine
1358 1998 1531 2041 racione
1572 2003 1801 2040 cassatur:
1853 2004 1897 2040 et
1947 1998 2201 2053 polluerunt:

390 2078 609 2133 templum
645 2079 731 2122 Dei
773 2084 817 2122 et
857 2086 1096 2133 posuerunt
1135 2082 1178 2121 in
1221 2094 1376 2122 manus
1410 2092 1560 2122 eorum
1597 2091 1708 2131 quos
1743 2092 1877 2132 poma
1915 2093 2064 2121 eorum
2100 2085 2199 2122 tuto

391 2158 611 2202 custodire
642 2173 729 2200 non
762 2159 977 2202 credunt!

509 2244 675 2289 [9381]
749 2237 1048 2281 Consimiliter
1101 2239 1299 2283 Thomas
1350 2238 1550 2282 Arundel
1603 2238 1882 2301 Baccillarius
1936 2241 2101 2283 arcium
2152 2245 2197 2282 et=

389 2318 763 2374 Archiepiscopus
800 2318 1128 2362 cantuariensis
1170 2319 1273 2365 fecit
1324 2332 1422 2361 cum
1473 2318 1561 2360 suis
1611 2319 1974 2362 constitucionem
2024 2321 2196 2375 provin-

392 2398 559 2447 cialem,
602 2413 656 2440 ne
696 2399 854 2453 aliquis
895 2412 982 2440 non
1023 2400 1320 2454 privilegiatus
1365 2398 1623 2452 praedicaret
1664 2398 1829 2453 populo
1874 2401 1966 2442 sine
2016 2400 2196 2442 licencia

391 2486 576 2532 optenta
616 2479 822 2534 episcopi,
863 2493 962 2533 quae
999 2478 1091 2533 jam
1134 2493 1221 2523 non
1260 2479 1447 2523 habetur
1487 2478 1568 2521 nisi
1614 2492 1713 2521 curn
1755 2480 1927 2535 magnis
1971 2480 2195 2523 instanciis

391 2558 576 2601 aliorum
606 2559 676 2603 vel
709 2573 789 2614 pro
820 2560 1026 2613 pecuniis,
1059 2573 1137 2601 nec
1168 2560 1362 2614 episcopi
1393 2558 1532 2601 debiti
1562 2560 1804 2613 praedicant
1836 2574 1916 2603 nec
1945 2561 2003 2603 ad
2039 2560 2196 2615 praediv

393 2639 582 2680 candum
623 2639 732 2681 alios
773 2638 987 2681 exhibent
1014 2646 1106 2681 ‘nec
1147 2632 1326 2682 mittant
1363 2638 1469 2693 (sic),
1492 2645 1557 2695 yet
1598 2640 1681 2682 iste
1721 2639 1945 2684 Arundel'
1967 2641 2054 2683 cito
2095 2647 2195 2695 post

393 2717 512 2760 illam
554 2720 917 2762 constitucionem
952 2718 1114 2762 factam
1152 2720 1208 2762 de
1237 2718 1386 2761 Verbo
1419 2719 1504 2761 Dei
1538 2718 1762 2774 alligando
1793 2721 1874 2764 fuit
1910 2722 2114 2763 obtrusus
2151 2721 2194 2761 in
