2456 3210
594 262 726 299 LOCI
759 261 799 297 E
837 259 1002 296 LIBRO
1049 259 1393 297 VERJTATUM.
1840 265 1895 310 93

98 404 240 460 prima
265 406 323 448 ad
349 405 611 449 Corintheos
638 404 698 457 8⁰,
718 410 732 430 ‘
746 405 908 448 Videte
935 419 991 447 ne
1018 405 1132 447 forte
1151 404 1246 446 haec
1274 403 1456 446 licencia
1479 411 1636 456 vestra,
1663 418 1723 446 sc.
1750 418 1898 447 corne-

99 486 235 529 dendi
265 500 429 537 carnes,
456 485 768 529 offendiculum
798 485 878 528 fiat
904 484 1109 536 infirmis:
1136 484 1163 526 i.
1177 498 1214 526 e.
1239 484 1388 526 videte
1416 498 1472 526 ne
1501 484 1683 527 licencia
1709 484 1766 526 sit
1797 484 1898 526 talis

98 566 219 609 unde
251 567 325 609 alii
359 567 647 618 offendantur,
677 567 704 609 i.
717 581 755 609 e.
784 567 842 608 ad
873 571 1102 621 peccatum
1135 571 1419 616 movoentur3
1460 570 1506 607 et
1533 565 1682 607 videte
1712 578 1768 606 ne
1802 564 1899 607 haec
1939 595 1945 599 -

99 646 281 689 licencia
310 647 367 689 sit
394 661 526 690 causa
553 647 623 689 vel
651 647 824 689 occasio
854 646 972 687 unde
1001 645 1133 687 mala-
1147 652 1193 687 et
1222 652 1404 699 peccata
1435 645 1642 696 oriantur,
1673 645 1744 687 vel
1779 646 1899 688 unde

100 727 221 769 bona
245 726 463 778 deficiant,
483 741 561 769 seu
588 727 882 770 destruantur.
942 726 1059 767 Novi
1087 726 1204 767 enim
1233 729 1440 780 magnam
1468 739 1618 768 curam
1646 726 1691 768 in
1718 725 1902 768 ecclesia

102 806 339 862 parochiali
390 807 567 857 doetrui,
613 821 666 849 eo
712 807 833 862 quod
880 806 1162 861 appropriata
1211 813 1281 849 est
1334 820 1433 848 unae
1482 820 1656 861 magnae
1705 806 1901 849 ecclesiae

103 886 357 939 cathedrali,
396 901 496 942 quae
539 901 620 942 pro
659 887 738 928 illa
776 886 1147 947 appropriacionev
1177 900 1268 940 qua
1307 900 1397 928 non
1437 886 1638 941 indigent
1677 887 1816 929 semel
1856 887 1901 928 in

103 980 222 1009 anno
250 967 395 1010 dicere
423 973 598 1010 tenetur
626 968 838 1022 exequias
872 981 952 1021 pro
982 967 1133 1008 anima
1165 966 1305 1018 unius,
1335 967 1439 1021 quia
1474 980 1598 1009 curas
1633 967 1779 1022 plures
1808 967 1902 1009 ani-

105 1060 276 1089 marum
315 1048 544 1100 destruxit,
583 1053 630 1090 et
667 1047 759 1090 fere
797 1047 918 1089 omni
957 1046 1030 1088 die
1072 1061 1151 1101 per
1196 1047 1344 1102 plures
1384 1061 1523 1089 annos
1566 1054 1669 1090 ante
1714 1054 1902 1090 mortem

105 1141 233 1169 suam
258 1127 402 1170 ebrius
418 1127 515 1170 fuit.
572 1126 744 1170 ‘Liberi
765 1127 871 1170 facti
898 1127 1004 1169 estis
1024 1125 1232 1181 peccato,'
1254 1128 1399 1182 inquit
1418 1128 1657 1182 apostolus,
1678 1128 1746 1170 i.e.
1767 1129 1904 1171 libere

106 1214 154 1250 et
191 1208 286 1250 sine
322 1207 639 1263 impedimento
678 1209 871 1262 peccatis
910 1215 955 1249 et
989 1207 1047 1248 ad
1082 1209 1451 1262 dampnacionem
1491 1209 1673 1260 curritis,
1705 1209 1904 1251 dicentes

106 1287 228 1340 false,
257 1286 386 1330 ‘Non
413 1301 647 1342 peccamus
677 1289 782 1342 quia
811 1288 1041 1330 licenciam
1072 1288 1131 1330 ab
1160 1287 1341 1330 homine
1371 1289 1427 1330 ad
1458 1289 1625 1330 malurn
1654 1289 1904 1332 faciendum

106 1367 345 1410 habemus?
403 1368 616 1423 Magnam
643 1369 761 1411 enim
788 1375 1056 1424 potestatem
1083 1369 1207 1410 dedit
1235 1369 1453 1410 Dominus
1480 1370 1642 1411 vicario
1668 1384 1748 1411 suo
1775 1384 1905 1424 papae

108 1448 315 1501 ecclesiae,
353 1454 404 1491 ut
446 1462 608 1504 magna
646 1449 765 1491 mala
809 1449 1077 1498 reformaret,
1115 1463 1322 1504 magnam
1358 1450 1477 1503 quod
1518 1448 1679 1492 faceret
1717 1451 1905 1493 aedifica-

108 1529 279 1571 cionem
304 1528 521 1571 bonorum
548 1535 739 1579 actuum,
761 1530 845 1571 sibi
865 1529 1016 1571 dicens
1042 1529 1187 1580 verba,
1207 1544 1307 1584 quae
1334 1530 1451 1571 dixit
1478 1530 1709 1584 jeremiae:
1749 1531 1905 1573 ‘Posui

108 1606 180 1660 te,’
194 1609 335 1663 inquit
351 1609 584 1660 Dominus,
601 1612 612 1631 ‘
624 1617 673 1652 ut
693 1609 867 1661 evellas,
883 1611 1095 1661 destruas,
1112 1616 1157 1651 et
1172 1610 1411 1664 disperdas,
1429 1617 1473 1652 et
1489 1611 1686 1666 dissipes,
1702 1613 1906 1663 aedifices,

109 1694 156 1731 et
182 1688 612 1743 plantas—evellas,
636 1690 663 1732 i.
677 1704 714 1733 e.
739 1690 940 1732 docendo
974 1696 1018 1731 et
1048 1690 1303 1743 corrigendo
1331 1690 1491 1732 evellas
1521 1705 1683 1746 magna
1715 1699 1760 1734 et
1791 1694 1906 1734 radi-

110 1774 212 1811 oeta
252 1774 298 1811 et
336 1777 547 1812 consueta
589 1776 785 1825 peccata,
826 1770 959 1823 longo
1004 1784 1084 1811 usu
1129 1770 1409 1822 continuata3
1458 1771 1657 1813 destruas
1697 1786 1822 1824 nova,
1863 1780 1908 1814 et

113 1847 281 1891 minoia
300 1849 441 1901 mala3
472 1849 646 1904 plantes
665 1850 859 1901 virtutes,
877 1850 1077 1892 docendo
1102 1856 1148 1891 et
1166 1851 1451 1902 ostendendo,
1467 1851 1649 1893 verbum
1671 1853 1757 1894 Dei
1777 1853 1908 1895 serni-

113 1927 284 1980 nand03
323 1929 513 1972 aedifices
552 1929 627 1972 illa
660 1930 779 1972 bona
813 1930 1047 1971 nutriendo
1088 1936 1133 1971 et
1166 1930 1431 1985 perficiendo
1476 1932 1695 1986 exemplo,
1727 1933 1907 1984 auxilio,

115 2013 161 2049 et
180 2012 298 2062 saepe
315 2009 495 2051 verbum
516 2010 602 2052 Dei
623 2010 843 2052 mentibus
868 2010 1147 2052 audiencium
1168 2010 1408 2065 ingerendo
1424 2026 1434 2064 ;
1466 2011 1588 2053 cibus
1610 2013 1727 2054 enim
1749 2027 1908 2067 parvus

114 2087 455 2141 perceptibiliter
487 2103 643 2145 corpus
677 2103 767 2132 non
802 2090 950 2141 nutrit,
982 2103 1063 2131 nec
1097 2090 1280 2132 verbum
1315 2091 1427 2133 forte
1461 2092 1653 2145 aliquem
1694 2092 1728 2132 si
1770 2094 1908 2134 semel

114 2165 368 2220 proferatur,
391 2169 470 2211 sed
499 2169 537 2211 si
565 2183 665 2212 cum
694 2171 917 2225 paciencia
946 2183 1066 2223 saepe
1095 2170 1348 2224 proferatur,
1372 2184 1427 2212 ne
1456 2172 1663 2213 oblivioni
1696 2173 1908 2214 tradatur.

118 2245 240 2288 Olim
274 2246 391 2288 enim
418 2248 464 2290 in
493 2256 692 2304 tempore
721 2251 860 2292 sancti
889 2250 1081 2292 doctoris
1110 2249 1350 2304 Augustini
1380 2265 1577 2293 recursus
1608 2265 1792 2305 magnus
1826 2252 1910 2294 fuit

118 2326 253 2380 Papae
283 2326 497 2377 Romano,
523 2329 582 2372 ad
611 2331 897 2385 quaerendum
927 2331 985 2372 ab
1015 2344 1068 2372 eo
1098 2338 1144 2373 et
1172 2345 1200 2372 a
1223 2332 1471 2374 scientificis
1502 2333 1541 2374 ei
1568 2333 1825 2382 astantibus,
1853 2347 1909 2374 an

119 2406 269 2449 liceret
295 2406 369 2456 sic,
396 2407 467 2450 vel
491 2423 517 2451 e
539 2411 755 2453 contrario
786 2411 919 2452 modo
946 2411 1099 2452 facere.
1160 2411 1316 2454 Pocius
1346 2413 1464 2454 enim
1491 2412 1574 2454 hoc
1602 2412 1857 2465 quaerebant
1885 2427 1912 2454 a

122 2487 243 2541 Papa
262 2500 320 2528 an
338 2487 503 2542 aliquid
523 2489 681 2543 liceret,
701 2505 836 2546 quam
856 2499 907 2534 ut
926 2491 1087 2542 liceret,
1109 2497 1159 2533 ut
1178 2498 1367 2534 testatur
1388 2492 1577 2535 Sanctus
1600 2492 1846 2533 Bernardus
1867 2492 1912 2533 in

123 2566 325 2621 Epistola
344 2568 402 2609 ad
422 2566 666 2612 Robertum
686 2571 1019 2614 Cluniacensem
1049 2571 1326 2614 monachum.
1390 2572 1599 2614 Sciebant
1628 2572 1744 2612 enim
1771 2573 1912 2614 sancti

122 2654 270 2701 patres
296 2648 416 2702 quod
444 2649 716 2704 dispensacio
742 2666 818 2694 seu
849 2652 1100 2695 licenciacio
1128 2652 1324 2694 humana
1353 2667 1440 2694 non
1470 2652 1664 2694 causavit
1690 2659 1839 2693 actum
1869 2653 1914 2693 in

122 2741 171 2769 se
200 2741 296 2769 esse
325 2728 491 2770 bonum
521 2743 600 2772 nec
630 2731 808 2774 malum.
867 2733 951 2775 Est
981 2733 1097 2774 enim
1133 2733 1273 2775 bonus
1301 2740 1426 2774 actus
1462 2747 1519 2773 ex
1556 2739 1709 2773 natura
1739 2734 1914 2786 propria

123 2814 249 2850 actus
284 2809 504 2851 tendentis
539 2810 584 2851 in
619 2810 840 2864 objectum
874 2827 1001 2855 suum
1033 2813 1244 2863 debitum,
1276 2821 1321 2856 et
1356 2813 1471 2855 actui
1507 2812 1781 2863 conveniens,
1813 2827 1913 2855 cum
