2456 3210
404 219 457 261 70
912 215 1044 251 LOCI
1077 215 1116 250 E
1154 214 1317 250 LIBRO
1365 213 1708 250 VERJTATUM.

415 357 584 398 animas
617 355 696 398 Xti
729 356 940 410 sanguine
970 357 1221 411 redemptas
1253 355 1404 410 pocius
1434 355 1585 406 inficis,
1618 368 1751 409 quam
1783 353 1985 402 aedificas,
2022 359 2065 395 et
2097 340 2222 396 mala

354 432 358 436 ⁴
414 438 619 479 absencia
650 444 694 479 et
726 437 842 479 malo
873 437 1081 492 exemplo
1112 437 1247 487 laedis,
1272 443 1320 477 ut
1353 436 1547 478 ostendit
1578 436 1636 477 ibi
1670 435 1859 477 Sanctus
1891 433 2138 477 Bernardus
2169 434 2213 475 in

415 518 490 559 illa
537 517 842 720 EPiStssgJ
863 519 1138 603 qssssbgstum·
1215 518 1369 571 Nuper
1409 517 1525 558 enim
1567 530 1680 558 unus
1725 516 1950 570 religiosus
1993 515 2214 571 professus

416 612 588 640 summa
613 599 750 640 decen
816 599 1005 640 ibrarum
1037 599 1372 652 exempcionem
1403 598 1594 652 optinuit
1624 598 1681 639 ab
1712 598 1862 639 ordine
1894 610 1986 647 suo,
2019 602 2067 638 ut
2098 601 2216 638 esset

417 679 669 732 capellanus
786 686 926 721 rector
961 679 1148 731 honoris,
1181 686 1225 721 et
1260 686 1410 721 tamen
1451 679 1495 720 in
1536 678 1656 735 facto·
1693 692 1772 720 suo
1813 677 2092 720 manifestum
2133 675 2215 718 suit

417 761 535 812 quod
563 760 605 800 in
634 761 723 801 vita
751 775 830 801 sua
861 760 940 802 fuit
971 760 1223 815 capellanus
1251 760 1349 802 vicii
1379 766 1423 801 et
1450 759 1649 802 horroris.
1712 758 1839 800 Heu!
1874 758 1984 799 heul
2023 755 2216 799 Domine

421 840 554 892 Deus,
584 842 686 895 quia
722 843 899 896 sanguis
936 842 1191 896 sanguinem
1223 841 1381 896 tetigit,
1412 841 1438 882 i.
1453 855 1489 883 e.
1517 853 1652 882 unum
1682 840 1840 881 vicium
1872 837 2007 880 trahit
2037 838 2094 879 ad
2129 836 2216 879 alia

416 922 527 962 vicia
550 928 593 963 et
617 922 814 976 impellit,
842 928 1052 983 tanquam
1079 921 1268 964 cathena
1297 922 1500 977 pessima,
1529 922 1703 976 propria
1733 920 1962 962 voluntate
1986 917 2216 961 deficiente

419 1008 609 1043 causata.
671 1001 852 1056 Moyses
883 1003 999 1044 enirn
1031 1003 1216 1057 optabat
1246 1017 1273 1044 a
1305 1002 1499 1044 Domino
1529 1001 1626 1044 Deo
1658 1009 1809 1043 nostro
1836 1013 1983 1042 curam
2015 1011 2140 1041 suam
2171 999 2216 1040 in

418 1082 525 1123 alios
550 1083 683 1124 dividi
713 1089 756 1124 et
785 1084 866 1124 sibi
896 1090 1200 1137 cooperatores
1222 1082 1327 1134 dari,
1350 1088 1394 1124 et
1420 1082 1639 1123 Dominus
1663 1081 1702 1123 ei
1734 1086 2038 1135 cooperatores
2065 1077 2216 1130 dedit;

416 1164 477 1204 sic
508 1177 666 1215 revera,
688 1164 722 1204 si
755 1171 922 1205 rectum
955 1164 1039 1206 Dei
1072 1164 1214 1205 zelum
1245 1163 1442 1215 haberes,
1462 1163 1596 1205 alium
1623 1169 1800 1217 optares
1829 1174 2042 1216 occupare
2070 1160 2216 1202 locum

419 1251 462 1284 et
499 1244 688 1285 officium
725 1251 862 1296 tuum,
895 1247 1014 1299 quod
1051 1251 1099 1287 tu
1141 1246 1323 1299 ignavus
1363 1258 1563 1299 occupas,
1595 1243 1667 1285 ubi
1703 1243 1814 1284 alius
1849 1242 2032 1296 duplare
2066 1246 2217 1296 posset

418 1325 647 1366 servicium
684 1324 863 1366 Domini
903 1326 987 1367 Dei
1024 1327 1067 1366 in
1108 1326 1293 1367 salutem
1335 1326 1579 1366 animarum
1613 1324 1760 1374 verbo,
1793 1329 1838 1365 et
1872 1323 2001 1373 facto,
2034 1328 2079 1364 et
2113 1323 2218 1364 doc·

420 1406 543 1454 trina,
567 1405 829 1460 perficiendo
862 1407 1170 1461 multipliciter.
1231 1406 1393 1448 Paulus
1425 1407 1542 1447 enim
1573 1405 1871 1447 sanctissimus
1899 1402 2217 1445 Thimotheum

420 1486 674 1540 episcopum
700 1487 898 1538 instituit,
921 1488 1024 1542 quia
1051 1488 1292 1529 fideliorem
1325 1493 1369 1529 et
1399 1487 1678 1529 scienciorem
1710 1486 1768 1527 ibi
1802 1486 1859 1528 ad
1889 1485 1996 1526 illud
2027 1484 2219 1526 officium

421 1567 611 1608 invenire
638 1581 723 1608 non
752 1569 909 1622 potuit.
974 1569 1107 1611 Unde
1130 1569 1243 1610 hanc
1264 1569 1519 1610 divisionem
1542 1581 1656 1609 curae
1676 1567 1925 1608 animarum
1953 1565 1997 1606 in
2024 1565 2219 1606 diversos

419 1646 620 1688 hortatur
650 1647 840 1689 Sanctus
869 1649 1001 1700 Beda,
1023 1650 1177 1691 doctor
1197 1648 1446 1703 Anglorum
1476 1649 1519 1689 in
1545 1647 1746 1702 Epistola
1776 1660 1855 1688 sua
1884 1646 1941 1687 ad
1972 1645 2218 1699 Egbertum

421 1727 674 1780 episcopum
699 1727 1124 1779 Lindifsarniensem,
1149 1729 1380 1771 manifesta
1405 1728 1521 1770 enim
1548 1727 1663 1769 mala
1689 1740 1850 1782 magna
1877 1732 1923 1768 et
1948 1725 2136 1780 plurima
2160 1738 2219 1766 ex

420 1806 503 1849 hac
535 1807 784 1861 pluralitate
815 1809 1093 1850 ecclesiarum
1125 1816 1169 1851 et
1200 1810 1439 1851 officiorum
1470 1816 1686 1850 secuntur.
2144 1803 2147 1805 ’

538 1887 757 1942 Quartum
798 1888 961 1930 flumen
1003 1890 1228 1932 Babilonis
1269 1897 1314 1932 et
1354 1890 1630 1941 confusionis,
1664 1888 1852 1930 salutem
1892 1887 2136 1929 animarum
2174 1892 2220 1929 et

423 1968 612 2023 plurima
646 1982 780 2023 opera
814 1969 931 2011 bona
967 1971 1208 2022 destruens,
1240 1977 1307 2012 est
1342 1969 1645 2025 appropriacio
1676 1968 1968 2011 ecclesiarum.
2029 1967 2104 2009 Ex
2133 1967 2219 2009 ista

423 2049 782 2104 appropriacione
818 2056 1060 2103 sequuntur
1096 2064 1256 2105 magna
1289 2058 1334 2093 et
1370 2050 1557 2105 plurima
1593 2049 1719 2100 mala,
1755 2049 1998 2091 destruccio
2036 2047 2137 2090 cleri
2174 2052 2222 2090 et

423 2129 698 2171 studencium
751 2128 960 2178 defectus,
999 2137 1042 2171 et
1083 2132 1263 2185 penuria
1308 2131 1560 2173 clericorum
1611 2130 1863 2171 immediate
1913 2143 2028 2171 curae
2077 2128 2220 2170 inten-

423 2210 640 2259 dencium,
667 2209 787 2251 verbi
821 2186 1161 2276 Deixsilencium
1194 2217 1239 2253 et
1268 2211 1430 2253 oblivio
1460 2224 1538 2265 per
1568 2209 1786 2252 defectum
1819 2209 2144 2264 praedicacionis
2174 2214 2221 2250 et

423 2290 734 2332 instruccionis.
796 2289 1003 2344 Apostoli
1036 2292 1164 2343 enim,
1191 2298 1237 2333 ut
1269 2298 1392 2346 patet
1412 2290 1608 2332 Actuum
1641 2290 1764 2344 xiiij0,
1794 2291 2112 2332 constituerunt
2142 2301 2221 2343 per

424 2370 617 2424 singulas
655 2370 860 2412 ecclesias
895 2371 1170 2425 presbiteros,
1207 2386 1293 2413 non
1333 2371 1438 2413 dicit
1479 2385 1557 2425 per
1595 2371 1785 2425 singulas
1826 2377 1871 2412 et
1910 2383 1989 2425 per
2027 2369 2220 2411 diversas

423 2451 627 2492 ecclesias
662 2451 971 2492 ordinaverunt
1004 2465 1138 2492 unum
1174 2452 1447 2494 sacerdotem
1488 2464 1564 2492 seu
1599 2457 1809 2492 rectorem
1849 2451 2107 2499 animarum,
2141 2447 2219 2490 sed

424 2531 467 2571 in
509 2531 688 2585 singulis
729 2530 920 2573 ecclesiis
960 2531 1270 2573 ordinaverunt
1310 2530 1502 2585 singulos
1542 2538 1741 2580 rectores,
1775 2537 1819 2573 et
1855 2530 2039 2586 quilibet
2080 2535 2221 2571 rector

424 2611 619 2653 habebat
653 2611 858 2662 decimas,
894 2625 971 2652 seu
1007 2610 1080 2664 jus
1114 2611 1381 2666 percipiendi
1419 2611 1622 2662 decimas,
1655 2617 1701 2653 et
1736 2611 1884 2653 omnia
1916 2611 2034 2652 bona
2069 2609 2220 2651 debita

425 2691 549 2731 altari
578 2692 634 2732 ab
655 2692 859 2733 omnibus
880 2691 953 2746 qui
975 2705 1088 2733 curae
1119 2691 1232 2732 illius
1255 2690 1551 2744 subjacebant
1582 2691 1623 2732 in
1656 2705 1733 2733 sua
1754 2691 1986 2746 parochia3
2018 2690 2079 2731 ita
2100 2688 2217 2742 quod

426 2770 467 2809 in
505 2778 702 2826 tempore
734 2772 1030 2827 apostolorum
1070 2771 1150 2812 fuit
1187 2771 1340 2812 divisio
1378 2771 1562 2825 plurium
1599 2771 1913 2826 parochiarum,
1945 2769 2144 2825 quamvis
2175 2769 2219 2809 in
