2456 3210
683 327 858 364 NOTAE
891 327 1111 363 THOMAE
1142 325 1475 362 GASCOIGNE.
1899 329 1978 372 231

180 472 363 516 concilio
399 472 483 514 sibi
514 471 772 520 necessario,
806 469 1086 512 excludendo
1119 482 1147 510 a
1181 481 1285 523 rege
1324 467 1593 510 consiliarios
1627 465 1898 520 alienigenos
1938 472 1982 507 et

180 553 449 596 consiliarios
478 551 675 606 cupidos,
708 550 784 604 qui
815 551 999 605 cupiunt
1028 564 1083 593 ea
1108 549 1256 592 dicere
1286 554 1332 591 et
1361 548 1504 590 facere
1534 561 1634 602 quae
1667 548 1759 602 regi
1789 546 1982 602 placent,

180 640 231 676 ut
259 634 438 688 ipsimet
466 631 676 674 ditentur.

298 713 356 755 6⁸.
416 713 546 763 Item,
586 712 704 766 quod
745 711 1027 753 vicecomites
1073 711 1119 752 in
1164 724 1430 765 unoquoque
1469 709 1682 751 comitatu
1729 708 1866 751 libere
1889 708 1984 750 -eli-

180 801 355 849 gantur,
384 794 555 847 absque
583 792 841 834 cohercione
871 790 1039 833 domini
1069 791 1195 846 regis,
1225 805 1304 833 seu
1333 791 1563 832 baronum.

301 880 355 928 7⁸.
415 874 543 923 Item,
585 873 705 927 quod
745 873 945 920 barones
979 871 1161 924 nobiles,
1202 878 1248 914 et
1286 871 1489 927 populus,
1524 872 1570 912 in
1605 870 1745 912 causis
1785 871 1903 925 ipsos
1938 876 1985 913 et

182 968 368 1010 regnum
399 953 773 1002 concernentibus,
806 952 1001 994 habeant
1032 952 1078 994 in
1108 953 1199 994 suis
1234 953 1425 995 consiliis
1461 953 1506 994 in
1539 952 1841 1007 parliamentis
1875 951 1985 994 libe-

182 1049 277 1077 ram
307 1034 563 1077 facultatem
592 1035 651 1076 ad
681 1033 918 1075 dicendum
946 1039 1053 1075 vota
1082 1047 1174 1074 sua.

635 1214 829 1258 NOTAE
859 1214 1114 1257 THOMAE
1145 1214 1530 1258 GASCOIGNE.

678 1342 718 1382 E
751 1340 851 1383 MS.
881 1340 1066 1382 Auctar.
1098 1341 1141 1382 D
1173 1340 1229 1382 iv.
1252 1349 1293 1394 5.
1323 1356 1367 1396 p.
1395 1354 1489 1392 104.

971 1444 1081 1496 Iffc
1123 1460 1198 1496 ω’.

302 1569 428 1612 Heu!
462 1567 570 1612 heu!
604 1569 717 1611 heu!
779 1568 973 1610 Domine
1010 1567 1158 1610 Deus!
1202 1568 1404 1611 desolata
1443 1576 1510 1612 est
1548 1569 1731 1611 domina
1767 1569 1984 1623 gencium,

184 1653 211 1694 i.
232 1665 269 1693 e.
300 1651 495 1700 ecclesia,
527 1664 628 1704 quae
658 1649 764 1691 olim
794 1648 876 1690 fuit
907 1649 1090 1690 domina
1123 1649 1341 1703 gencium,
1373 1650 1553 1704 quando
1583 1650 1895 1691 dominabatur
1922 1650 1986 1691 vi-

185 1732 263 1774 ciis
300 1745 381 1786 per
416 1731 629 1773 virtutum
669 1729 989 1783 operacionem,
1030 1743 1110 1783 per
1148 1729 1457 1771 miraculorum
1496 1731 1616 1785 prius
1654 1731 1985 1784 inexpertorum

186 1812 603 1862 manifestacionem,
644 1816 690 1852 et
729 1823 807 1864 per
846 1810 1047 1851 scienciae
1087 1811 1537 1853 communicacionem
1578 1818 1623 1853 et
1661 1811 1986 1853 ostensionem!

189 1891 319 1934 Heu!
357 1891 452 1946 jam
487 1897 684 1933 mutatur
722 1890 844 1932 color
882 1889 1091 1943 optimus,
1132 1891 1237 1944 quia
1275 1891 1507 1945 plumbum
1542 1905 1623 1946 pro
1657 1906 1776 1943 auro,
1821 1898 1867 1933 et
1906 1905 1986 1945 pro

185 1972 384 2027 patribus
422 1973 585 2014 sanctis
629 1971 846 2026 prioribus
890 1971 982 2012 nati
1025 1978 1129 2013 sunt
1171 1971 1252 2013 tibi
1294 1971 1490 2014 ecclesiae
1534 1972 1622 2025 filii,
1661 1973 1782 2024 fatui,
1823 1972 1985 2022 viciosi,

187 2052 399 2094 mundani
437 2051 538 2094 filii!
609 2051 882 2106 Exemplum
923 2065 1060 2092 unum
1100 2052 1215 2093 inter
1252 2052 1379 2106 plura
1418 2053 1614 2095 existens
1651 2053 1744 2107 jam
1784 2067 1901 2107 pono
1942 2060 1986 2094 et

187 2132 344 2174 scribo.
404 2132 458 2173 In
491 2132 646 2174 diebus
680 2132 803 2183 meis,
836 2145 954 2173 anno
990 2131 1173 2172 Domini
1214 2131 1360 2186 14431,
1395 2133 1562 2175 electus
1602 2134 1695 2184 fuit,
1730 2133 1801 2175 vel
1841 2132 1984 2173 verius

187 2212 391 2262 intrusus,
426 2225 538 2253 unus
571 2201 924 2267 archiepiscopus
959 2211 1034 2266 qui
1068 2211 1150 2253 suit
1179 2213 1356 2266 genitus
1390 2227 1450 2255 ex
1486 2214 1719 2255 manifesto
1754 2212 1984 2262 adulterio,

189 2299 235 2334 et
270 2291 467 2333 existens
497 2292 650 2346 genuit
677 2292 790 2334 filios
820 2297 865 2333 et
895 2291 1007 2333 filias
1045 2306 1104 2333 ex
1139 2305 1228 2333 una
1263 2293 1454 2345 moniali,
1491 2295 1535 2335 in
1571 2292 1809 2348 episcopali
1844 2292 1984 2346 gradu

190 2371 387 2413 existens
405 2377 645 2425 antequam
664 2371 747 2414 fuit
766 2371 1134 2426 archiepiscopus,
1156 2379 1201 2414 et
1221 2378 1370 2414 tamen
1391 2374 1644 2416 nominatus
1665 2373 1757 2423 fuit,
1780 2375 1790 2393 ‘
1803 2371 1985 2414 Electus

189 2464 269 2506 per
304 2449 518 2505 Spiritum
554 2449 737 2492 Sacrum
752 2450 777 2503 ;’
816 2452 921 2493 licet
955 2466 1072 2506 papa
1106 2452 1234 2503 dixit,
1269 2467 1357 2494 non
1391 2454 1577 2496 libenter
1616 2453 1780 2495 electus
1819 2459 1898 2501 est,
1940 2458 1985 2493 et

189 2537 340 2572 tamen
370 2543 488 2584 papa
511 2531 654 2584 ipsum
678 2531 872 2584 providit
897 2539 942 2574 et
970 2546 1095 2573 suam
1121 2532 1387 2575 eleccionem
1414 2535 1644 2576 nominans
1673 2533 1825 2574 datam
1851 2531 1985 2572 bullae

190 2616 295 2653 ante
321 2610 440 2652 diem
467 2610 692 2651 electionis
719 2611 903 2666 scripsit,
929 2627 1034 2667 ergo
1064 2613 1251 2666 provisio
1281 2627 1369 2655 non
1399 2614 1480 2656 fuit
1510 2628 1611 2655 vera
1641 2613 1808 2654 electio.
1871 2612 1985 2653 Haec

191 2691 349 2732 doctor
377 2690 421 2730 in
450 2703 573 2731 sacra
599 2689 845 2746 Theologia
876 2724 887 2733 .
921 2724 930 2733 .
964 2724 973 2733 .
1008 2723 1017 2732 .

279 2790 289 2808 ¹
313 2789 386 2822 The
408 2790 611 2832 arehbishop
631 2791 771 2824 referred
795 2796 832 2824 to
853 2793 881 2825 is
899 2793 989 2835 John
1014 2793 1169 2830 stafford,
1192 2794 1269 2826 who
1293 2794 1360 2827 had
1384 2795 1467 2827 been
1490 2795 1575 2825 dean
1597 2800 1757 2834 1423-25‚
1778 2791 1843 2823 and
1863 2791 1985 2834 bishop

193 2854 354 2886 1425-43‚
375 2844 414 2876 of
425 2845 540 2878 Wells.
586 2845 642 2877 He
656 2856 725 2877 was
747 2846 927 2880 translated
949 2849 995 2889 by
1010 2848 1110 2890 papal
1133 2847 1204 2880 bull
1227 2853 1263 2881 to
1286 2850 1504 2890 Canterbury‚
1528 2847 1609 2889 May
1630 2856 1680 2887 13,
1700 2856 1795 2888 1443,
1820 2846 1885 2878 and
1908 2846 1986 2878 died

190 2899 272 2941 May
290 2909 341 2940 25,
361 2907 454 2940 1452.
