2456 3210
611 252 744 288 LOCI
776 252 817 287 E
854 251 1020 287 LIBRO
1066 250 1409 287 VERITATUM.
1855 252 1909 296 57

109 390 334 445 jeremias,
354 396 365 415 ‘
378 396 452 448 qui
475 394 578 437 facit
601 409 735 449 opera
751 395 837 436 Dei
858 394 1152 449 negligenter,’
1174 395 1201 435 i.
1218 408 1254 436 e.
1276 408 1365 436 non
1386 408 1439 436 eo
1462 393 1596 435 modo
1612 406 1700 447 quo
1720 391 1883 433 faceret
1900 407 1911 441 ;

111 473 370 516 maledictus
400 482 467 517 est
497 489 602 530 ergo
618 472 709 530 ·q'ui
738 489 818 529 per
847 477 1175 530 promocionem
1206 489 1332 517 suam
1357 475 1429 517 vel
1455 473 1812 529 procuracionem
1844 478 1913 513 est

110 566 243 596 causa
266 569 402 609 quare
431 569 564 610 opera
595 556 680 597 Dei
710 555 856 597 fienda
886 557 930 596 in
958 556 1100 598 salute
1127 557 1372 597 animarum
1399 555 1683 609 negliguntur
1708 560 1754 594 et
1780 553 1912 593 omit·

110 640 265 676 tuntur
298 636 343 676 in
379 636 497 677 malo
536 642 704 678 rectore
743 650 820 677 seu
860 635 1136 690 praesidente,
1167 637 1276 690 ”fluia
1315 650 1452 678 causa*
1488 649 1632 677 causae
1673 640 1739 676 est
1779 647 1912 675 causa

111 715 290 764 causati,
318 722 364 758 et
393 717 429 757 si
458 717 553 770 ipse
592 730 703 770 opus
734 716 935 758 debitum
969 716 1155 767 fecisset,
1184 718 1228 758 in
1263 717 1503 758 collacione
1537 715 1667 758 officii
1702 714 1926 762 ecclesiae,'

110 794 172 836 ibi
202 795 355 837 fuisset
382 797 427 838 in
453 797 571 838 bono
591 804 742 838 curato
775 796 856 838 lux
888 798 1099 849 scienciae,
1124 799 1241 851 vitae,
1274 804 1319 839 et
1349 797 1574 848 doctrinae,
1595 802 1640 838 et
1669 795 1795 849 plura
1825 794 1914 835 alia

110 875 240 927 bona,
260 891 361 930 quae
385 877 480 931 jam
510 892 598 919 non
629 884 916 938 sunt,>ymm0
945 879 1162 920 contraria
1190 878 1235 919 in
1265 892 1368 920 cura
1398 877 1607 928 ecclesiae‚
1628 890 1705 917 seu
1735 875 1913 924 diocesi,

112 956 472 1010 multiplicantur.
496 1005 505 1013 ,
529 958 693 1000 Beatus
722 965 788 1000 est
814 959 890 1012 qui
918 959 963 1000 in
990 940 1269 1013 promocione
1293 959 1476 1012 alicujus
1505 957 1698 1000 attendit
1724 970 1824 1010 quae
1855 956 1913 995 sit

111 1037 420 1080 voluntas-Dei
441 1039 572 1091 bona,
587 1040 896 1094 beneplacens,
918 1046 963 1081 et
984 1039 1187 1094 perfecta,
1208 1046 1259 1081 ut
1282 1039 1419 1081 talem
1443 1040 1656 1090 instituat,
1677 1038 1746 1079 cui
1767 1037 1912 1078 dicere

111 1124 273 1171 potest,
331 1119 610 1162 ‘Secundum
644 1121 804 1181 Deum,
836 1121 893 1162 ad
925 1122 1074 1162 omnia
1103 1135 1204 1174 quae
1234 1121 1370 1162 mittit
1400 1127 1445 1163 te
1479 1121 1615 1171 Deus,
1646 1117 1754 1170 ibis,'
1799 1118 1912 1158 sicut

114 1197 332 1240 Dominus
358 1200 473 1242 dixit
499 1199 715 1253 Jeremiae,
745 1202 847 1242 ‘Ad
875 1203 1023 1243 omnia
1055 1216 1155 1256 quae
1192 1202 1365 1244 mittam
1401 1209 1447 1244 te
1479 1200 1585 1262 ibis3’
1661 1201 1825 1242 Beatus
1856 1198 1914 1240 sit

113 1292 141 1319 a
162 1278 261 1320 Deo
280 1281 356 1333 qui
386 1281 430 1322 in
460 1282 679 1324 eleccione
708 1268 995 1336 praesidentis,
1026 1284 1232 1337 episcopi,
1262 1285 1441 1324 rectoris
1471 1283 1638 1338 populi,
1669 1289 1715 1324 et
1740 1281 1912 1335 judicis,

112 1373 215 1402 vere
245 1362 351 1403 dicit
378 1361 645 1417 verba'quae
676 1364 791 1406 dixit
822 1363 994 1405 Pharao
1023 1365 1080 1405 ad
1101 1364 1281 1418 Joseph,
1303 1364 1479 1406 Genisis
1506 1369 1594 1414 40⁰,
1618 1363 1788 1404 ‘Primo
1809 1362 1914 1420 quia

112 1441 307 1483 ostendit
326 1442 646 1506 tibinomin'us
669 1445 818 1486 omnia
839 1458 938 1498 quae
960 1445 1130 1486 locutus
1151 1444 1221 1496 es,'
1250 1459 1308 1487 sc.
1330 1446 1531 1486 docendo
1552 1451 1596 1486 et
1619 1443 1913 1499 praedicando,

114 1526 160 1562 et
190 1522 379 1564 similem
408 1525 472 1565 tui
506 1525 700 1566 invenire
734 1539 822 1566 non
851 1531 1021 1579 potero,
1050 1526 1148 1566 ideo
1188 1526 1396 1567 constitui
1426 1532 1473 1567 te
1501 1540 1632 1580 super
1665 1526 1912 1566 universam

1357 1654 1446 1695 wa
1503 1651 1614 1693 aab*

113 1680 170 1723 in'
187 1683 368 1726 servicio
394 1685 561 1727 domini
590 1686 657 1727 sui
688 1700 776 1727 non
806 1687 980 1728 ordinat
1005 1700 1093 1737 eos,
1115 1687 1190 1740 qui
1215 1687 1336 1728 sciun
1359 1719 1369 1736 ‚
1397 1701 1421 1728 e
1526 1694 1662 1736 ssunt,
1689 1693 1734 1727 et
1757 1685 1913 1727 volunt

110 1607 274 1644 terram
305 1602 484 1658 Egipti,’
514 1605 541 1646 i.
554 1619 592 1646 e.
625 1606 834 1647 ecclesiae.
894 1606 1043 1647 Malus
1077 1607 1314 1660 dispositor
1344 1606 1522 1647 famil'ae
1549 1607 1701 1648 domui
1732 1611 1818 1655 est,
1839 1603 1913 1658 qui

114 1762 270 1804 melius
293 1764 473 1806 domino
493 1779 573 1807 suo
594 1767 766 1818 servire,
786 1768 865 1808 sed
886 1767 1051 1808 amicos
1073 1780 1176 1808 suos
1197 1759 1384 1818 ordinat,
1404 1621 1670 1809 &tentat
1690 1768 1734 1807 in
1755 1766 1919 1814 officio,

114 1843 191 1895 qui
220 1844 450 1887 servicium
489 1847 689 1888 debitum
728 1848 967 1898 omittunt3
1019 1847 1092 1896 sic,
1122 1861 1191 1889 vae
1231 1847 1340 1889 illis!
1383 1848 1459 1902 qui
1499 1849 1730 1891 conferunt
1769 1847 1913 1888 officia

116 1922 313 1965 ecclesiae
342 1926 494 1968 amicis
523 1927 614 1968 suis
643 1927 900 1976 carnalibus,
932 1941 1012 1981 per
1041 1941 1153 1981 quos
1182 1934 1306 1970 actus
1338 1929 1473 1970 divini
1503 1928 1646 1970 cultus
1679 1934 1724 1970 et
1759 1927 1913 1968 salutis

114 2003 358 2046 animarum
396 2007 670 2059 omittuntur,
703 2014 748 2049 et
787 2009 869 2062 ipsi
910 2008 1107 2049 ditantur
1145 2008 1203 2050 de
1241 2008 1370 2050 bonis
1410 2009 1618 2060 ecclesiae,
1653 2023 1753 2062 quae
1789 2008 1913 2048 Deus

116 2082 301 2125 contulit
339 2091 389 2126 ut
427 2087 612 2128 ministri
648 2087 842 2129 ecclesiae
879 2088 1024 2139 libere,
1057 2094 1103 2129 et
1142 2090 1236 2130 sine
1269 2102 1401 2131 onere
1439 2090 1695 2143 temporalis
1733 2088 1912 2137 servicii,

115 2170 322 2205 vacarent
341 2166 530 2208 oracioni
551 2174 596 2208 et
617 2168 921 2222 praedicacioni
943 2175 989 2210 et
1010 2168 1159 2210 studio
1179 2182 1312 2210 sacrae
1333 2171 1571 2224 scripturae,
1593 2183 1715 2211 more
1734 2173 1912 2222 aposto-

117 2241 261 2283 lorum
285 2243 483 2286 Actuum
512 2254 654 2299 sexto,
682 2255 731 2290 ut
756 2254 945 2290 testatur
976 2248 1166 2290 Sanctus
1192 2249 1442 2302 Jeronimus
1466 2263 1597 2304 super
1620 2249 1769 2302 Josua.
1829 2246 1912 2287 Vae

117 2335 222 2376 ergo
257 2323 363 2365 illis!
406 2327 481 2379 qui
517 2328 725 2382 exemplo
762 2329 868 2370 Heli
902 2328 1223 2370 maledicuntur
1253 2343 1281 2371 a
1314 2329 1521 2379 Domino,
1557 2330 1660 2383 quia
1694 2328 1913 2368 honorant

116 2403 283 2444 amicos
321 2417 422 2446 suos
460 2407 653 2449 carnales
694 2409 823 2450 bonis
862 2409 1058 2450 ecclesiae
1095 2409 1235 2463 magis
1269 2423 1403 2463 quam
1440 2410 1599 2460 Deum,
1638 2407 1911 2462 praeferendo

116 2482 388 2524 voluntatem
416 2486 633 2528 carnalem
662 2489 902 2530 amicorum
933 2503 1109 2530 suorum
1136 2490 1277 2543 magis
1298 2504 1432 2543 quam
1455 2490 1540 2530 Dei
1563 2489 1836 2530 voluntatem
1866 2486 1910 2526 in

117 2561 396 2615 praeficiendo
426 2564 565 2607 bonos
586 2574 773 2609 curatos.
836 2569 942 2610 Heli
973 2569 1088 2610 enim
1118 2569 1348 2611 honoravit
1378 2570 1490 2611 filios
1516 2583 1617 2610 suos
1647 2568 1746 2621 plus
1776 2579 1911 2619 quam

119 2642 267 2682 Deum
289 2642 332 2682 in
352 2642 448 2694 hoc,
469 2646 588 2697 quod
618 2660 695 2688 eos
724 2661 811 2689 non
843 2649 1015 2703 expulit
1035 2649 1092 2690 ab
1114 2649 1255 2690 officio
1276 2650 1482 2700 ecclesiae,
1501 2649 1579 2690 sed
1610 2646 1807 2701 permisit
1830 2659 1933 2687 eos-

118 2729 236 2763 stare
263 2722 307 2762 in
337 2722 480 2764 officio
502 2726 776 2768 sacerdotum
801 2735 979 2782 propter
1001 2730 1313 2783 pinguedinem
1339 2730 1625 2778 victimarum,
1647 2733 1696 2767 ut
1724 2732 1929 2781 testatur·

121 2800 311 2843 Sanctus
346 2801 593 2854 Jeronimus
633 2813 784 2848 contra
824 2808 1082 2865 Pelagianos
1121 2810 1363 2852 haereticos.
1445 2809 1518 2850 Sic
1563 2808 1645 2861 ipsi
1691 2807 1909 2848 honorant

1006 2886 1024 2917 Ι
