2456 3210
487 184 539 225 86
846 171 850 175 .
982 190 1113 226 LOCI
1148 189 1186 223 E
1226 189 1391 224 LIBRO
1439 190 1784 227 VERJTATUM.

483 337 595 377 ciam
623 336 721 386 Dei,
744 342 789 378 et
818 336 1082 385 libertatem,
1108 335 1225 377 dixit
1244 334 1444 376 Actuum
1465 334 1561 388 xj0:
1596 335 1720 390 ‘Ego
1747 336 1845 390 quis
1873 350 1991 378 eram
2016 337 2090 391 qui
2118 337 2284 391 possim

482 415 713 470 prohibere
745 417 988 458 Dominum
1003 414 1034 456 ?’
1075 416 1101 456 i.
1123 430 1160 457 e.
1201 429 1289 456 non
1320 428 1499 468 possum
1529 414 1762 469 prohibere
1792 416 2062 468 Dominum;
2099 424 2144 460 et
2173 418 2285 460 sicut

481 511 571 538 non
606 503 754 550 potest
787 497 933 538 Deum
967 495 1208 550 prohibere,
1241 496 1302 536 sic
1336 494 1610 537 voluntatem
1638 495 1724 537 Dei
1759 496 1817 537 ad
1847 496 2016 551 aliquid
2045 497 2283 540 volendum

480 576 550 620 vel
572 576 818 619 faciendum
849 591 936 618 non
962 582 1109 630 potest
1130 575 1405 629 compellere.
1457 574 1560 616 Non
1586 581 1652 617 est
1679 577 1796 617 enim
1819 577 1894 630 qui
1915 583 2063 632 potest
2083 578 2283 621 resistere

479 657 697 699 voluntati
721 664 821 708 tuae,
843 657 1060 698 Domine!
1103 656 1220 697 unde
1249 656 1450 697 Actuum
1477 656 1631 709 primo,
1655 660 1668 679 ‘
1685 656 1877 711 Oportet
1903 657 2074 712 impleri
2098 659 2282 712 scriptu-

479 751 584 790 ram,
606 751 739 791 quam
761 738 970 792 praedixit
992 737 1183 792 Spiritus
1206 725 1420 778 Sanctus?
1481 736 1589 778 Ideo
1620 737 1736 778 enim
1763 736 1951 779 Sanctus
1973 738 2127 780 Petrus
2156 739 2283 793 plura

478 818 594 868 fecit,
630 818 733 872 quia
768 818 892 859 Deus
933 817 1008 859 illa
1046 817 1192 859 fienda
1234 816 1399 859 Sancto
1432 816 1563 859 Petro
1594 817 1800 867 ostendit,
1837 819 1956 860 unde
1984 818 2184 861 Actuum
2213 824 2280 870 x⁰,

478 902 487 918 ‘
506 897 666 949 Michi‚’
697 898 850 952 inquit,
881 897 1032 939 ‘Deus
1063 895 1283 939 ostendit.’
1359 896 1450 939 Sed
1480 896 1594 938 heu!
1640 899 1866 951 quomodo
1897 898 2092 941 fiendum
2122 913 2150 941 a
2180 899 2280 941 Deo

477 979 723 1020 ostenditur
752 979 871 1033 quod
902 979 1019 1021 racio
1050 978 1282 1020 manifesta
1308 984 1354 1020 et
1381 978 1595 1032 scriptura
1624 991 1748 1020 sacra
1777 980 2106 1023 contradicunt?
2157 979 2280 1035 Quo-

477 1060 609 1101 modo
640 1059 881 1101 absolvitur
907 1059 964 1100 ab
992 1059 1173 1100 homine
1203 1060 1278 1113 qui
1306 1072 1453 1101 coram
1484 1059 1583 1100 Deo
1612 1059 1780 1101 absolvi
1811 1073 1899 1101 non
1928 1061 2147 1103 meretur?
2207 1061 2280 1103 Ne

475 1154 580 1194 ergo
609 1140 759 1182 dicant
788 1139 1000 1189 homines,
1029 1140 1142 1181 sicut
1173 1139 1373 1181 moderni
1403 1139 1511 1181 fatui
1541 1139 1704 1190 dicunt,
1738 1142 1747 1160 ‘
1765 1140 1969 1182 Faciliter
1998 1141 2148 1183 omnia
2176 1154 2279 1195 pec-

475 1226 574 1262 cata
615 1234 713 1262 mea
759 1221 1046 1270 remittentur,
1088 1220 1125 1261 si
1173 1220 1378 1262 sacerdos
1419 1233 1600 1261 manum
1639 1233 1766 1261 suam
1806 1220 1939 1262 michi
1980 1222 2190 1275 imponat,
2232 1227 2279 1263 et

473 1301 606 1342 verba
636 1301 931 1342 absolucionis
964 1301 1094 1350 dicat,
1125 1308 1169 1343 et
1200 1301 1300 1344 ideo
1336 1314 1426 1342 non
1456 1314 1560 1342 curo
1586 1313 1716 1354 agere
1746 1314 1847 1354 quae
1882 1299 2011 1343 volo?
2072 1300 2277 1352 ‘Nolite,'

474 1381 617 1435 inquit
646 1381 877 1431 Dominus,
912 1381 1118 1435 Jeremiae
1154 1386 1209 1433 7⁰,
1234 1381 1477 1423 ‘confidere
1512 1381 1558 1421 in
1592 1381 1736 1426 verbis
1768 1380 2013 1431 mendacii,'
2044 1382 2090 1423 id
2121 1388 2199 1433 est,
2230 1383 2276 1423 in

473 1461 617 1502 verbis
655 1461 787 1512 falsis,
824 1462 1032 1511 dicentes,
1077 1461 1342 1515 ‘Templum
1381 1461 1586 1503 Domini!
1648 1460 1887 1515 Templum
1919 1461 2142 1504 Dominil’
2186 1463 2214 1504 i.
2234 1472 2273 1504 e'.

472 1520 609 1582 nolite
641 1542 784 1583 dicere
818 1541 902 1583 hoc
933 1542 1104 1592 falsum,
1134 1543 1253 1596 quod
1285 1542 1404 1595 prius
1440 1542 1640 1583 dixistis:
1672 1544 1681 1562 ‘
1700 1541 1939 1594 Templum
1970 1542 2153 1583 Domini
2183 1542 2276 1585 tale

473 1627 551 1670 est,
574 1628 619 1662 et
647 1627 783 1662 tantae
815 1622 1028 1673 efficaciae,
1052 1623 1183 1676 quod,
1204 1636 1282 1676 per
1308 1621 1582 1664 oblacionem
1614 1627 1660 1663 et
1689 1634 1838 1675 preces
1869 1621 2007 1663 factas
2031 1622 2103 1674 ibi,
2124 1623 2275 1666 omnia

471 1707 652 1754 peccata
682 1703 957 1744 remittentur
990 1703 1132 1753 michi,
1166 1703 1258 1743 sine
1290 1703 1386 1744 aliis
1418 1702 1623 1757 operibus
1660 1701 1878 1755 requisitis
1897 1699 1927 1753 ς’
1962 1703 2082 1756 quod
2113 1702 2272 1744 falsum

471 1795 568 1823 esse
607 1782 826 1823 Dominus
867 1784 1071 1835 ostendit,
1102 1783 1305 1836 Jeremiae
1338 1787 1408 1836 7⁰3
1457 1782 1588 1825 facite
1628 1795 1733 1836 ergo
1770 1782 1928 1836 dignos
1967 1782 2144 1835 fructus,
2185 1784 2211 1826 i.
2232 1797 2271 1825 e.

473 1862 634 1917 ‘digna
663 1876 797 1918 opera
826 1862 1131 1918 poenitenciae‚’
1167 1864 1303 1905 Lucae
1331 1868 1390 1919 3⁰.

586 1943 779 1985 Sextum
813 1943 978 1985 flumen
1014 1943 1280 1986 Babilonicae
1315 1943 1580 1986 confusionis
1615 1949 1661 1984 et
1699 1943 2012 1985 destruccionis
2053 1950 2121 1986 est
2160 1943 2273 1986 falsa

469 2025 591 2076 fides,
631 2037 767 2079 quam
806 2023 940 2078 aliqui
984 2023 1153 2067 habent
1193 2025 1237 2066 in
1278 2025 1568 2079 indulgenciis
1609 2019 1824 2066 concessis
1863 2039 1891 2067 a
1929 2039 2059 2080 papa,
2097 2025 2168 2067 vel
2209 2024 2269 2066 ab

468 2105 658 2156 homine,
682 2118 817 2159 quam
846 2118 874 2146 a
904 2104 1005 2146 Deo
1035 2119 1123 2146 non
1154 2103 1462 2159 habent,'quia
1493 2119 1582 2148 non
1611 2105 1777 2147 habent
1812 2106 2021 2160 requisita
2043 2107 2102 2149 ad
2131 2105 2268 2148 talem

467 2187 641 2227 veniam
667 2198 815 2227 coram
841 2184 953 2226 Deo.
995 2185 1280 2239 Indulgencia
1307 2187 1425 2227 enim
1452 2191 1519 2227 est
1542 2198 1645 2227 vera
1673 2199 1750 2227 seu
1778 2185 1909 2239 plena
1936 2186 2040 2228 mali
2069 2186 2267 2228 remissio

466 2280 543 2308 seu
574 2266 778 2318 deleccio,
807 2266 918 2307 sicut
950 2265 1144 2307 declarat
1173 2266 1363 2309 Sanctus
1383 2266 1662 2321 Augustinus
1690 2267 1735 2307 in
1765 2266 1981 2309 Sermone
2008 2280 2140 2322 super
2170 2281 2266 2309 ver-

466 2361 566 2389 sum
599 2347 762 2389 Psalmi
793 2346 863 2400 67,
892 2348 1029 2388 ‘sicut
1059 2347 1207 2389 deficit
1237 2348 1383 2389 fumus
1413 2345 1666 2399 deficiant3'
1701 2347 1980 2403 indulgencia
2013 2349 2132 2390 enim
2161 2361 2267 2390 vera

466 2435 512 2470 et
539 2429 738 2482 preciosa
766 2442 834 2469 res
871 2434 953 2478 est,
983 2434 1029 2469 et
1063 2429 1197 2482 digno
1227 2429 1372 2483 precio
1402 2428 1706 2482 apprecianda,
1739 2435 1785 2470 et
1816 2435 1883 2471 est
1913 2429 2101 2471 emenda
2128 2440 2158 2471 a
2186 2428 2265 2470 tali

464 2509 624 2563 precio,
655 2509 773 2564 quali
806 2510 913 2551 emit
944 2516 989 2551 et
1019 2509 1140 2550 illam
1174 2510 1333 2552 meruit
1367 2515 1521 2551 sancta
1555 2508 1758 2551 dilectrix
1789 2510 1870 2551 Xti
1901 2509 2045 2551 Maria
2074 2509 2263 2563 Magda-

464 2590 575 2643 lena,
615 2605 716 2645 quae
755 2592 800 2632 in
840 2591 960 2632 omni
999 2597 1124 2645 parte
1162 2592 1229 2632 sui
1269 2596 1337 2633 tot
1376 2589 1537 2631 obtulit
1579 2590 1672 2631 Xto
1711 2590 1980 2641 holocausta,
2005 2589 2042 2631 ·i.
2064 2603 2101 2631 e.
2136 2595 2262 2631 actus

463 2670 604 2712 bonos
636 2678 681 2713 et
714 2671 813 2713 Deo
838 2670 1074 2726 placentes,
1095 2677 1203 2724 quot
1235 2671 1281 2712 in
1312 2684 1360 2712 se
1391 2669 1511 2724 prius
1541 2665 1696 2711 habuit
1725 2672 1895 2724 peccati
1925 2669 2260 2720 oblectamenta,

464 2756 512 2791 ut
543 2757 727 2794 testatur
748 2751 938 2795 Sanctus
963 2750 1198 2806 Gregorius
1230 2752 1273 2792 in
1297 2750 1471 2794 Omelia
1497 2765 1575 2792 sua
1599 2750 1732 2792 Lucae
1757 2756 1800 2804 7⁰
1828 2755 1943 2805 cap0.
1989 2747 2260 2803 Exemplum
