2456 3210
493 277 572 317 142
989 272 1122 308 LOCI
1157 272 1196 306 E
1234 272 1398 306 LIBRO
1447 271 1791 308 VERJTATUM.

489 414 839 457 conclusionibus
862 415 962 467 suis,
984 421 1029 457 et
1050 415 1150 457 ideo
1175 415 1290 456 dixit
1311 421 1438 456 terrae
1464 421 1634 457 motum
1656 415 1747 457 fieri
1769 415 2021 468 insolitum3
2053 417 2096 458 in
2116 416 2292 471 signum

490 497 608 550 quod
639 503 752 538 terra
783 496 946 538 clamat
977 509 1057 551 pro
1089 510 1156 546 eo,
1188 502 1232 537 et
1262 502 1367 538 tunc
1398 496 1611 550 depravat
1642 496 1686 538 in
1717 496 1813 538 aliis
1844 496 1964 538 libris
1995 497 2215 549 miracula,
2247 505 2294 541 et

489 577 709 631 praecipue
741 577 785 618 in
816 576 1009 631 capitulo
1038 576 1113 631 36⁰
1145 576 1210 617 sui
1239 575 1434 631 Trialogi
1466 577 1614 629 tercii3
1656 577 2011 619 canonizaciones
2041 584 2293 620 sanctorum

489 658 720 711 vituperat,
750 663 816 699 est
844 657 887 698 in
916 656 1110 711 capitulo
1142 656 1213 696 160
1241 657 1285 697 in
1314 656 1522 711 Dyalogo
1550 657 1615 699 sui
1644 658 1822 712 majoris
1850 658 2078 700 mendacii.

607 744 656 787 [p.
678 744 747 789 94]
800 738 913 779 Haec
938 738 1148 792 magister
1167 737 1392 789 Albertus,
1415 738 1611 780 Livoniae
1640 744 1684 780 et
1713 738 1902 780 Prusciae
1929 738 2293 794 archiepiscopus,

491 825 536 860 et
566 818 821 872 apostolicae
852 819 969 860 sedis
1000 818 1182 872 legatus,
1210 819 1253 858 in
1283 819 1375 859 vita
1405 832 1541 872 quam
1570 819 1743 873 scripsit
1773 819 1830 861 de
1862 818 2028 861 Sancto
2053 819 2295 862 Edmundo

490 898 820 953 archiepiscopo
870 899 1095 953 quondam
1140 898 1460 941 Cantuariensi.
1534 898 1622 953 Qui
1665 898 1857 941 Sanctus
1899 899 2164 942 Edmundus
2212 900 2295 943 fuit

492 979 701 1033 magister
721 978 900 1021 Artium
925 978 1128 1030 Oxoniae,
1151 985 1196 1020 et
1226 979 1382 1021 doctor
1409 978 1556 1021 Sacrae
1577 978 1835 1034 Theologiae
1862 980 2063 1030 Parisius,
2090 986 2140 1022 ut
2167 985 2295 1036 patet

490 1060 535 1101 in
565 1060 676 1101 libro
705 1060 809 1102 vitae
840 1060 974 1114 ipsius
1006 1059 1161 1102 Sancti
1193 1060 1435 1102 Edmundi.

608 1147 659 1190 [p.
682 1146 752 1191 96.]
813 1145 1039 1182 Malorum
1063 1145 1313 1182 hominum.
1374 1141 1545 1183 Notum
1575 1145 1655 1189 est,
1687 1140 1807 1194 quod
1841 1155 1980 1195 nuper
2009 1155 2123 1183 unus
2154 1155 2295 1184 sacer-

492 1222 585 1271 dos,
613 1221 827 1276 spoliatus
857 1236 884 1263 a
913 1222 1086 1263 duobus
1118 1221 1373 1271 latronibus,
1404 1221 1517 1276 fugit
1547 1221 1604 1275 ab
1635 1221 1696 1263 eis
1727 1221 1770 1262 in
1801 1235 1881 1263 sua
1911 1222 2069 1273 tunica,
2103 1228 2148 1264 et
2177 1222 2294 1264 dixit

491 1301 587 1343 aliis
623 1303 801 1344 nomina
835 1316 998 1354 eorum,
1030 1303 1103 1356 qui
1135 1316 1236 1343 eum
1267 1302 1455 1357 spoliare
1489 1301 1547 1351 de
1581 1302 1785 1343 omnibus
1824 1302 1952 1344 bonis
1992 1303 2295 1345 intendebant.

494 1382 555 1424 Et
596 1383 678 1437 ipsi
718 1384 807 1425 duo
842 1383 1034 1425 latrones
1074 1389 1305 1425 occurrunt
1339 1383 1396 1424 ad
1434 1388 1626 1429 castrum
1660 1382 1810 1424 militis
1850 1382 1974 1437 cujus
2010 1383 2120 1425 servi
2157 1389 2294 1433 erant,

493 1462 689 1504 dicentes
733 1478 780 1505 se
820 1464 990 1518 cepisse
1025 1464 1149 1505 illum
1189 1463 1466 1514 sacerdotem
1502 1463 1720 1516 furantem
1760 1463 1944 1513 ferinam
1987 1464 2031 1504 in
2069 1463 2178 1505 silva
2217 1464 2297 1506 do-

494 1542 613 1594 mini,
635 1550 679 1585 et
710 1545 828 1598 quod
861 1546 965 1599 ipse,
988 1551 1142 1599 captus
1173 1545 1230 1595 ab
1262 1544 1336 1596 eis,
1358 1544 1471 1599 fugit
1501 1544 1559 1588 ab
1590 1557 1741 1586 eorum
1772 1544 1985 1596 manibus,
2014 1549 2059 1586 et
2088 1544 2296 1598 fugiendo

494 1622 678 1677 projecit
712 1631 882 1667 vestem
918 1640 1044 1679 suam
1079 1626 1362 1680 superiorem,
1399 1631 1444 1667 et
1477 1624 1596 1679 quod
1629 1625 1710 1679 ipsi
1742 1631 2004 1678 acceperunt
2035 1630 2204 1666 vestem
2234 1625 2296 1666 sic

494 1704 764 1758 projectam3
801 1713 845 1748 et
875 1707 1026 1749 statim
1058 1707 1238 1759 domina
1269 1706 1442 1755 illorum
1473 1706 1705 1757 latronum,
1729 1719 1843 1757 uxor
1873 1705 2037 1755 militis,
2069 1705 2187 1747 misit
2217 1719 2296 1759 pro

496 1785 653 1827 eodem
685 1787 926 1838 sacerdote,
957 1787 1146 1841 spoliato
1176 1794 1298 1828 vesta
1335 1801 1414 1839 sua
1449 1786 1681 1841 superiore,
1713 1792 1756 1827 et
1791 1799 1891 1826 eum
1923 1785 2218 1835 incarceravit,
2252 1791 2297 1826 et

495 1866 641 1920 ipsum
678 1866 845 1907 solvere
877 1880 905 1918 4
938 1867 1069 1908 libras
1102 1866 1217 1918 fecit,
1250 1869 1384 1909 etiam
1419 1868 1562 1922 ipsum
1598 1866 1746 1920 jurare
1777 1865 1880 1919 fecit
1916 1867 2034 1919 quod
2070 1879 2295 1920 nunquam

495 1946 789 2001 implacitaret
830 1946 927 1987 illos
968 1947 1169 1999 latrones,
1212 1948 1268 1988 de
1308 1947 1398 1999 tali,
1435 1946 1565 2012 ‘quia
1604 1946 1649 1987 in
1689 1945 1920 1999 iniquitate
1957 1959 2036 1987 sua
2072 1946 2296 1998 morietur,

496 2026 604 2069 dicit
635 2027 769 2078 Deus,
801 2026 896 2068 etc.'
1773 2008 1775 2011 ξ

615 2114 666 2157 [p.
692 2112 780 2155 111.]
839 2112 975 2149 Mors.
1037 2107 1191 2158 Habet
1222 2108 1340 2149 idem
1372 2108 1527 2149 doctor
1556 2106 1758 2155 dominus
1783 2105 2112 2159 Lynconiensis,
2142 2107 2298 2149 doctor

499 2187 723 2229 Robertus
765 2187 1055 2237 Grosseteste,
1097 2188 1355 2243 praedictam
1397 2186 1755 2242 explanationem
1796 2186 1839 2227 in
1885 2186 2178 2241 Expositione
2217 2200 2298 2228 sua

498 2269 674 2323 propria
709 2268 872 2323 scripta
912 2282 1042 2322 super
1084 2268 1309 2323 Epistolas
1343 2251 1584 2323 beatissimi
1626 2265 1763 2317 Pauli,
1805 2266 1994 2320 apostoli
2035 2273 2079 2309 et
2118 2267 2297 2322 virginis

499 2356 543 2391 et
574 2349 767 2391 doctoris
803 2349 931 2400 orbis,
961 2355 1005 2390 et
1042 2355 1109 2391 est
1140 2349 1247 2391 illud
1284 2348 1495 2403 scriptum
1531 2346 1697 2395 domini
1734 2346 2035 2388 Linconiensis
2066 2347 2122 2389 de
2163 2361 2295 2389 manu

499 2444 578 2471 sua
607 2430 784 2484 propria
813 2430 925 2471 inter
954 2429 1108 2470 fratres
1131 2429 1334 2481 Oxoniae,
1362 2429 1405 2470 in
1435 2427 1545 2469 libro
1576 2427 1807 2487 registrato
1838 2427 2054 2482 Epistolae
2086 2427 2209 2469 Pauli
2234 2427 2294 2469 A.

500 2511 563 2552 Et
601 2506 822 2565 expositio
861 2509 1029 2552 domini
1070 2509 1374 2551 Linconiensis
1418 2509 1463 2550 in
1504 2506 1578 2549 illo
1620 2507 1730 2549 libro
1771 2508 1974 2550 scribitur
2016 2508 2061 2549 in
2101 2507 2297 2562 margine

500 2591 614 2632 illius
656 2591 764 2643 libri,
799 2598 844 2633 et
881 2591 941 2632 ibi
978 2591 1163 2644 exponit
1191 2596 1333 2632 certos
1368 2594 1520 2631 textus
1556 2587 1675 2629 beati
1709 2588 1831 2630 Pauli
1867 2587 2067 2643 apostoli,
2100 2588 2177 2630 sed
2209 2601 2296 2630 non

502 2686 666 2723 omnes,
698 2678 742 2714 et
784 2672 917 2721 etiam
953 2670 1090 2725 glosae
1124 2670 1367 2712 communis
1399 2683 1475 2710 seu
1512 2668 1806 2722 exposicionis
1837 2668 2095 2711 communis.
2158 2667 2297 2710 Glosa

500 2753 616 2793 enim
640 2754 675 2794 si
703 2753 874 2795 dicatur
898 2753 942 2794 in
965 2750 1110 2805 vulgo.
1141 2750 1310 2804 Aliquo
1335 2755 1515 2804 putatur
1544 2748 1739 2791 felicitas.
1791 2750 1959 2791 Dicunt
1990 2749 2107 2791 enim
2137 2747 2296 2790 diversi

501 2831 692 2875 haeretici
730 2834 847 2887 quod
889 2833 1091 2875 doctores
1127 2831 1266 2873 sancti
1306 2829 1503 2884 putative
1534 2828 1709 2883 glosant
1746 2829 2020 2884 evangelium
2056 2828 2296 2871 secundum
