2456 3210
414 186 470 230 54
918 184 1050 220 LOCI
1083 185 1122 219 E
1161 185 1324 219 LIBRO
1374 184 1717 220 VERJTATUM.

413 334 607 382 acceptae
648 341 728 369 nec
769 334 954 382 receptae
990 329 1048 370 ab
1088 328 1350 380 hominibus,
1390 328 1493 382 quia
1533 330 1778 371 necessario
1819 322 2026 385 requisita
2065 328 2217 375 coram'

413 408 512 450 Deo
542 408 761 458 deficiunt,
794 422 854 450 sc.
881 409 1037 450 merita
1066 423 1266 463 personae
1297 422 1445 451 coram
1476 409 1575 451 Deo
1606 410 1829 464 requisita.

528 488 778 542 Septimum
823 488 987 530 flumen
1032 495 1109 540 est,
1154 490 1315 531 abusus
1357 489 1702 543 dispensacionis
1743 490 1815 532 vel
1859 490 2051 533 licenciae
2096 492 2214 534 datae

412 569 468 610 ab
503 569 681 610 homine
722 575 766 610 et
807 583 895 610 non
935 575 1051 611 recte
1091 570 1265 611 usitatae
1305 570 1363 611 ad
1404 569 1573 611 lucrum
1613 571 1860 612 animarum
1902 585 1982 614 nec
2025 571 2083 614 ad
2121 573 2214 614 ani-

414 662 585 689 marum
615 649 817 690 salutem.
1561 667 1645 712 qv&
1662 673 1684 690 a
1744 678 1796 713 A*
1810 667 1831 702 »l
1846 668 1865 695 ω

527 730 671 782 Josias
696 743 775 771 rex
794 730 1039 783 Jerusalem
1070 730 1223 782 doluit,
1245 721 1376 781 flevit,
1403 736 1448 772 et
1479 731 1664 772 vestime
1717 744 1744 772 a
1770 745 1849 773 sua
1878 732 2022 782 scidit,
2053 733 2217 776 auditis

416 892 588 945 Regum
631 896 718 933 22⁰.
795 891 869 934 Sic
910 906 990 934 nos
1030 892 1270 943 doleamus,
1305 905 1490 943 oremus,
1524 897 1569 934 et
1607 892 1898 946 praedicemus
1940 900 2092 936 contra
2132 895 2218 937 ista

414 975 584 1026 septem
606 972 787 1014 flumina
809 973 1044 1025 Babilonis,
1066 987 1165 1027 quae
1194 979 1297 1014 sunt
1327 987 1470 1015 causae
1490 986 1626 1027 quare
1646 973 1829 1015 verbum
1852 974 1938 1016 Dei
1968 989 1995 1016 a
2020 974 2218 1029 pluribus

415 1067 502 1095 non
535 1053 823 1107 cognoscitur,
859 1067 939 1095 nec
978 1060 1187 1096 servatur.
1267 1054 1319 1095 In
1359 1054 1502 1108 prima
1542 1055 1726 1095 materia
1769 1055 1997 1097 sciendum
2031 1063 2109 1108 est,
2139 1071 2219 1111 per

414 1135 606 1188 graciam
628 1134 726 1184 Dei,
747 1134 865 1188 quod
888 1135 1117 1185 Dominus,
1140 1135 1420 1176 considerans
1441 1140 1608 1188 quanta
1632 1134 1750 1176 dona
1770 1134 1875 1176 fidei
1904 1141 1948 1177 et
1977 1136 2219 1190 agnicionis

416 1222 460 1256 et
481 1216 604 1268 signa
624 1216 784 1256 amoris
806 1215 1001 1258 dedisset
1022 1215 1322 1269 apostolorum
1344 1215 1540 1270 principi,
1556 1215 1688 1257 Petro
1708 1215 1852 1267 beat0‚
1871 1216 1986 1258 dixit
2005 1216 2219 1270 Johannis

415 1295 582 1343 ultimo,
607 1299 616 1316 ‘
632 1295 787 1337 Simon
807 1294 1033 1348 Johannis,
1054 1296 1089 1337 si
1121 1295 1266 1350 diligis
1288 1310 1370 1347 me,
1391 1310 1522 1350 pasce
1543 1309 1646 1337 oves
1667 1293 1815 1338 meas.’
1862 1296 1964 1340 Hoc
1995 1300 2004 1318 ‘
2017 1311 2196 1351 pascere
2210 1295 2220 1314 '

416 1383 483 1418 ter
521 1376 745 1430 replicanS‚
786 1377 888 1429 quia
928 1377 1081 1418 intime
1121 1376 1204 1418 hoc
1239 1377 1405 1419 volens.
1481 1377 1702 1418 Dominus
1733 1377 1852 1418 enim
1890 1378 2012 1420 novit
2052 1385 2220 1432 quanta

415 1457 532 1497 bona
553 1457 662 1498 fiunt
688 1470 766 1510 per
796 1458 962 1498 bonum
994 1463 1208 1499 rectorem
1234 1459 1278 1499 in
1304 1457 1481 1512 populo,
1502 1463 1547 1499 et
1577 1463 1744 1511 quanta
1775 1457 1892 1499 mala
1923 1458 2207 1501 destruuntur

416 1537 624 1590 exemplo
656 1537 770 1578 unici
801 1537 979 1579 rectoris
1009 1538 1052 1578 in
1086 1537 1264 1592 Egipto,
1291 1537 1471 1592 Joseph,
1502 1537 1576 1591 qui
1612 1543 1681 1580 tot
1715 1543 1761 1579 et
1799 1543 1925 1579 tanta
1959 1538 2078 1580 bona
2116 1539 2220 1583 fecit

418 1624 462 1660 et
483 1624 607 1660 tanta
629 1618 745 1658 mala
766 1618 999 1670 destruxit,
1021 1625 1065 1660 et
1087 1619 1317 1673 impedivit
1339 1633 1394 1660 ne
1415 1619 1569 1660 fierent
1594 1618 1833 1673 prudencia
1863 1624 1908 1660 et
1939 1619 2035 1661 zelo
2057 1619 2151 1674 ejus
2173 1626 2220 1662 et

417 1699 578 1750 labore,
604 1706 652 1740 ut
673 1699 796 1752 patet
820 1700 1006 1753 sparsim
1027 1700 1071 1741 in
1097 1700 1260 1742 Genisi.
1318 1701 1455 1743 Unde
1475 1700 1531 1741 de
1551 1699 1669 1741 bono
1690 1705 1857 1741 rectore
1878 1699 2046 1742 dictum
2065 1700 2220 1743 Eccle-

418 1781 591 1828 siastici,
623 1780 701 1820 ‘In
722 1780 877 1821 diebus
899 1780 992 1833 ejus
1018 1781 1134 1822 facta
1160 1787 1227 1822 est
1258 1779 1585 1831 reconciliacio,'
1616 1780 1641 1821 i.
1658 1794 1695 1821 e.
1728 1779 1944 1821 malorum
1975 1781 2220 1824 destruccio

418 1868 463 1903 et
503 1862 718 1902 bonorum
751 1861 964 1902 induccio.
1041 1861 1082 1904 O
1123 1869 1231 1915 quot
1268 1862 1384 1904 mala
1420 1861 1642 1904 destruxit
1674 1861 1816 1902 bonus
1848 1867 1998 1915 pastor
2033 1868 2078 1904 et
2113 1868 2221 1917 quot

417 1944 534 1984 bona
566 1942 766 1984 induxit!
809 1956 913 1983 narn
946 1943 1100 1985 Petrus
1137 1958 1225 1985 una
1258 1945 1329 1985 die
1364 1944 1447 1984 tria
1480 1941 1610 1993 milia,
1639 1940 1726 1983 alia
1762 1942 1834 1983 die
1860 1942 2054 1996 quinque
2088 1942 2219 1994 milia,

418 2024 475 2065 ad
492 2023 634 2064 Xtum
656 2024 881 2074 convertit,
897 2024 1015 2065 unde
1035 2025 1129 2077 ipse
1149 2025 1359 2078 pascebat
1380 2029 1497 2065 recte
1517 2036 1650 2073 oves;
1679 2028 1723 2064 et
1743 2023 2042 2064 sanctissimus
2059 2023 2220 2065 Paulus

419 2104 631 2146 convertit
662 2109 706 2145 et
736 2104 946 2157 pascebat
975 2105 1109 2146 verbo
1141 2105 1224 2146 Dei
1255 2105 1409 2159 plagas
1439 2104 1570 2155 orbis,
1600 2116 1660 2144 sc.
1694 2103 1738 2144 in
1769 2103 1949 2154 oriente,
1977 2104 2218 2155 occidente,

419 2191 579 2236 austro,
601 2191 645 2226 et
666 2184 814 2235 boria;
846 2191 891 2226 et
920 2185 981 2226 sic
1012 2185 1228 2228 laboravit
1258 2200 1338 2240 pro
1360 2186 1453 2227 Xto
1481 2184 1662 2238 triginta
1681 2191 1782 2226 octo
1803 2186 1939 2236 annis,
1962 2191 2011 2227 ut
2033 2190 2222 2228 testatur

421 2266 612 2308 Sanctus
652 2266 777 2308 Beda
816 2279 948 2320 super
986 2265 1131 2308 Actus
1166 2266 1501 2321 Apostolorum.
1577 2265 1723 2307 Pascit
1762 2266 1879 2306 enirn
1919 2279 2111 2320 gregem,
2144 2264 2220 2319 qui

420 2348 580 2389 devote
609 2352 706 2389 orat
736 2360 815 2401 pro
845 2359 993 2400 grege.
1055 2347 1182 2398 Item,
1203 2348 1278 2401 qui
1308 2346 1474 2401 patitur
1504 2351 1549 2387 et
1580 2346 1763 2387 moritur
1792 2360 1871 2400 pro
1895 2346 2005 2388 Deo.
2065 2345 2220 2387 Petrus

420 2428 631 2482 pascebat
652 2441 755 2469 oves
777 2428 957 2469 Domini
983 2428 1025 2468 in
1045 2429 1180 2469 verbo
1201 2434 1365 2470 sanctae
1386 2426 1725 2481 praedicacionis,
1748 2426 1791 2467 in
1812 2433 1966 2469 sancta
1988 2431 2034 2468 et
2060 2426 2220 2468 devota

421 2509 635 2560 oracione,
657 2509 700 2550 in
722 2510 823 2550 vitae
844 2514 974 2550 rectae
996 2515 1040 2550 et
1057 2508 1188 2562 justae
1209 2508 1473 2556 ostensione,
1491 2506 1747 2561 exemplum
1769 2507 1969 2561 praebens
1990 2506 2086 2548 aliis
2105 2506 2220 2548 bene

421 2590 607 2641 vivendi,
641 2591 685 2631 in
720 2595 1089 2631 sacramentorum
1126 2594 1245 2631 recta
1275 2587 1671 2630 administracione.
1744 2588 1904 2630 ‘Pasce
1935 2601 2039 2629 oves
2074 2584 2221 2638 meas,’

423 2670 529 2711 dicit
551 2671 778 2722 Dominus,
799 2671 825 2712 i.
841 2685 878 2712 e.
901 2683 987 2712 non
1015 2675 1059 2711 te
1080 2683 1259 2724 pascere
1281 2669 1426 2723 cogita
1457 2682 1536 2722 pro
1567 2675 1623 2719 te,
1646 2669 1723 2710 sed
1745 2683 1849 2710 oves
1875 2682 2019 2723 pasce,
2042 2674 2087 2709 et
2107 2667 2220 2708 sicut

426 2763 545 2791 meas
567 2766 669 2793 oves
694 2766 837 2806 pasce,
861 2757 904 2793 et
937 2764 1020 2793 non
1053 2751 1163 2792 sicut
1194 2756 1303 2800 tuas,
1325 2750 1349 2791 i.
1366 2765 1400 2791 e.
1423 2763 1568 2802 quaere
1601 2750 1643 2790 in
1674 2749 1736 2790 eis
1768 2763 1912 2791 meam
1933 2748 2219 2797 voluntatem,
