2456 3210
682 331 814 366 LOCI
846 331 886 365 E
922 331 1089 366 LIBRO
1134 331 1483 367 VERJTATUM.
1907 337 1989 380 223

181 474 300 516 bona
322 474 415 515 vita
442 474 488 514 in
511 472 720 526 parochia
747 479 975 522 cresceret,
996 472 1197 526 quamvis
1222 472 1407 514 ecclesia
1434 472 1667 527 collegiata
1693 486 1783 513 non
1807 471 1989 513 haberet

183 554 267 596 nisi
307 554 421 595 duos
448 552 520 594 vel
556 558 646 593 tres
684 553 938 594 sacerdotes
972 553 1237 595 scientificos
1276 560 1322 595 et
1351 553 1465 595 bene
1493 554 1704 604 viventes,
1732 553 1803 594 vel
1842 553 1990 606 plures

182 635 424 676 secundum
458 633 654 675 valorem
689 633 897 684 ecclesiae,
928 640 975 676 et
1008 634 1071 676 sic
1101 642 1176 676 est
1214 634 1452 688 collegium
1496 634 1678 676 Ricardi
1714 633 1989 687 Wittington

184 714 441 756 Londoniis.

299 801 350 844 [p.
380 800 476 842 628.]
534 799 764 836 sacerdos.
823 793 907 836 Vae
947 807 1053 848 ergo
1097 794 1161 836 eis
1206 795 1282 849 qui
1325 795 1574 836 concedunt
1613 793 1821 836 ecclesias
1861 808 1990 848 paro-

183 874 349 917 chiales
388 875 671 929 appropriari,
704 880 751 916 et
789 874 956 916 habent
994 875 1224 916 annuatim
1259 875 1317 917 de
1355 875 1555 929 qualibet
1598 875 1784 917 ecclesia
1823 882 1989 916 certam

183 956 454 1009 pensionem,
476 956 534 996 de
552 954 701 1009 aliqua
722 954 908 996 ecclesia
927 954 977 996 xl
997 955 1176 1004 solidos,
1199 955 1256 996 de
1275 955 1361 996 alia
1381 956 1537 1009 viginti
1564 955 1732 996 solidos
1759 956 1988 996 annuatim

184 1049 294 1089 quas
333 1036 526 1089 episcopi
560 1041 721 1076 vocant
756 1035 1102 1089 indempnitates
1137 1049 1251 1084 suas,
1286 1035 1358 1077 vel
1393 1036 1511 1077 dona
1550 1049 1631 1089 pro
1666 1035 1991 1089 indempnitate

184 1129 265 1157 sua
294 1115 501 1167 cavenda,
530 1121 576 1157 et
605 1116 668 1156 sic
697 1115 872 1169 operuit
903 1115 1095 1157 lacrimis
1123 1115 1264 1158 altare
1294 1116 1408 1158 Dei!

300 1202 351 1246 [p.
378 1201 471 1243 648]
529 1200 765 1245 scriptura
794 1201 944 1237 Sacra.
1006 1196 1102 1237 Nec
1137 1203 1206 1238 est
1237 1197 1452 1250 scriptura
1485 1196 1789 1250 vituperanda,
1826 1209 1907 1237 nec
1942 1204 1990 1238 ut

184 1275 329 1330 caliga
362 1275 537 1318 Walliae
577 1277 835 1330 reputanda,
868 1277 903 1317 si
943 1277 1001 1318 sit
1036 1276 1236 1330 pluribus
1269 1278 1383 1318 veris
1423 1276 1713 1331 applicabiliS,
1754 1277 1868 1318 sicut
1910 1290 1990 1318 nec

185 1357 371 1399 materia
398 1357 541 1411 prima
565 1363 633 1398 est
655 1357 916 1410 vituperata,
946 1371 999 1398 eo
1029 1358 1149 1410 quod
1179 1371 1326 1412 capax
1353 1365 1420 1399 est
1452 1357 1641 1412 plurium
1672 1364 1718 1399 et
1748 1357 1989 1411 dispan'um

185 1436 439 1478 formarum.

300 1523 350 1567 [p.
381 1522 476 1566 656]
534 1522 820 1558 scandalum.
883 1516 1009 1558 Obiit
1045 1517 1237 1559 Sanctus
1274 1517 1409 1567 Beda,
1441 1517 1496 1570 vij
1535 1517 1750 1559 kalendas
1782 1518 1915 1571 Junii,
1945 1518 1990 1559 in

186 1598 452 1639 monasterio
480 1598 744 1640 sanctissimi
778 1597 901 1638 Pauli
931 1597 1122 1651 apostoli
1150 1598 1195 1638 in
1221 1598 1341 1651 Jam,
1360 1604 1519 1640 vocato
1545 1597 1731 1639 Girnum
1760 1598 1803 1638 in
1829 1598 1990 1640 Latine

184 1691 412 1730 sermone3
447 1679 596 1732 ibique
625 1678 824 1732 sepultus
854 1677 948 1728 fuit,
978 1683 1024 1719 et
1047 1685 1206 1732 postea
1233 1679 1474 1720 translatus
1500 1678 1790 1720 Dunelmium
1814 1678 1990 1719 fuerunt

184 1757 282 1816 (sic)
311 1773 391 1814 per
420 1760 630 1802 devotum
661 1759 937 1800 sacerdotem
959 1758 1308 1800 Dunelmensem
1335 1758 1598 1809 Aluoedum,
1627 1758 1766 1800 filium
1787 1759 1988 1807 Westini‚

185 1845 231 1881 et
260 1853 418 1894 corpus
448 1840 543 1894 ejus
578 1842 772 1894 positum
810 1839 855 1880 in
890 1840 1048 1880 eadem
1083 1839 1214 1880 theca
1254 1839 1299 1880 in
1335 1853 1423 1893 qua
1455 1839 1538 1881 fuit
1571 1853 1731 1894 corpus
1766 1839 1989 1894 incorrup-

186 1926 283 1961 tum
312 1921 452 1962 sancti
481 1922 619 1975 patris
651 1920 901 1962 Cuthberti.
928 1920 991 1960 ita
1022 1926 1071 1960 ut
1100 1933 1188 1960 una
1223 1927 1268 1961 et
1299 1920 1455 1961 &adem
1486 1920 1618 1962 theca
1648 1934 1806 1974 corpus
1836 1919 1989 1961 Sancti

189 1998 423 2042 Cuthberti
469 2007 514 2043 et
557 2015 658 2043 ossa
700 2001 853 2043 Sancti
896 2000 1032 2041 Bedae
1072 2000 1338 2042 continebat.
1419 2001 1532 2042 Haec
1577 2001 1667 2042 vidi
1716 2002 1759 2041 in
1802 1999 1989 2041 Cronica

187 2079 306 2121 bona
330 2080 608 2123 Eveshamiae
636 2095 717 2135 per
747 2093 803 2136 30
828 2080 1013 2122 miliaria
1038 2081 1095 2121 ab
1127 2080 1333 2131 Oxonia3
1374 2088 1530 2135 postea
1556 2089 1719 2131 tamen,
1741 2088 1789 2121 ut
1818 2080 1986 2129 dicitur,

186 2166 439 2214 separatum
476 2160 561 2203 suit
599 2175 758 2215 corpus
800 2160 954 2203 Sancti
996 2160 1132 2201 Bedae
1172 2174 1199 2200 a
1239 2174 1422 2214 corpore
1462 2160 1614 2203 Sancti
1657 2160 1903 2210 Cuthberti,
1943 2166 1988 2200 et

187 2240 381 2293 positum
409 2240 454 2280 in
482 2240 570 2282 alia
598 2241 780 2295 capsula
810 2242 854 2282 in
883 2240 1067 2282 ecclesia
1099 2240 1388 2281 Dunelmensi
1419 2241 1464 2282 in
1495 2241 1593 2282 loco
1619 2247 1779 2281 vocato
1805 2239 1988 2289 Galilea,

188 2320 262 2360 ubi
287 2319 381 2372 jam
409 2319 648 2362 honoratur
675 2335 702 2362 a
731 2321 846 2363 clero
877 2327 921 2362 et
952 2320 1131 2374 populo.

303 2405 352 2449 [p.
380 2404 475 2447 673]
524 2405 788 2450 'theologm
849 2400 1092 2442 Canonista
1119 2401 1237 2441 enim
1263 2402 1382 2454 capit
1407 2415 1486 2442 sua
1518 2400 1731 2454 principia
1762 2399 1915 2452 prima,
1938 2406 1987 2439 ut

189 2486 454 2520 concernunt
487 2480 666 2535 agibilia
698 2481 756 2522 ab
788 2481 978 2531 homine,
1011 2488 1056 2522 et
1091 2494 1118 2522 a
1154 2480 1339 2522 concilio
1374 2482 1568 2535 generali
1604 2480 1811 2528 ecclesiae,
1843 2492 1918 2519 seu
1960 2492 1987 2519 a

188 2572 307 2613 papa
337 2560 458 2601 edita
487 2566 533 2601 et
561 2565 741 2610 statuta,
766 2568 816 2603 ut
846 2561 1011 2616 regulae
1041 2568 1218 2602 actuum
1250 2561 1445 2602 ecclesiae
1475 2560 1805 2615 pertinencium.
1867 2556 1986 2599 Civi-

190 2638 290 2680 lista
324 2639 440 2680 enim
473 2639 591 2693 capit
626 2641 837 2695 principia
870 2656 961 2691 sua,
992 2649 1041 2683 ut
1074 2648 1342 2683 concernunt
1374 2642 1580 2695 policiam
1614 2647 1659 2681 et
1693 2638 1987 2680 cohabitacio-

121 2756 130 2767 ,
190 2732 293 2760 nem
332 2718 574 2767 hominum,
614 2720 673 2760 ab
718 2720 983 2775 imperatore
1028 2735 1104 2762 seu
1152 2721 1209 2761 ab
1251 2720 1350 2761 aliis
1393 2719 1730 2774 praesidentibus
1771 2718 1986 2759 ordinata.

193 2798 243 2840 Si
282 2799 508 2840 canonista
541 2798 610 2840 vel
649 2799 834 2841 civilista
873 2802 958 2842 ista
998 2801 1210 2855 principia
1250 2800 1543 2846 transcendat,
1581 2806 1687 2852 puta
1728 2797 1770 2837 in
1811 2798 1985 2849 objecta

189 2879 403 2920 naturalia
432 2892 507 2919 seu
539 2878 699 2928 divina,
729 2885 834 2921 tunc
862 2880 1120 2923 facultatem
1151 2894 1277 2921 suam
1309 2880 1493 2922 dimittit
1526 2885 1569 2919 et
1599 2878 1729 2918 aliam
1761 2878 1907 2918 intrat.
