2456 3210
624 264 753 300 LOCI
791 264 830 299 E
868 264 1035 300 LIBRO
1082 263 1426 302 VERJTATUM.
1865 266 1916 311 51

146 418 153 422 ·
230 415 277 459 [p.
296 415 390 458 432]
462 408 562 462 Ego
611 407 811 449 Thomas
851 406 1112 462 Gascoigne‚
1151 408 1359 462 indignus
1405 407 1623 457 sacerdos,
1673 412 1719 448 et
1765 405 1924 447 doctor

115 489 386 545 Theologiae,
427 488 719 531 Eboracensis
754 488 953 538 diocesis,
988 487 1131 530 fateor
1169 489 1289 543 quod
1329 488 1433 531 licet
1472 501 1598 530 curas
1637 486 1920 530 ecclesiarum

114 570 429 626 parochialium
473 569 579 611 mihi
625 568 872 610 oblatarum
918 568 1115 620 refutavi,
1158 576 1340 624 propter
1382 570 1555 611 diversa
1601 568 1922 623 impedimenta

115 648 162 689 in
200 662 383 703 corpore
422 661 522 690 meo
562 653 607 689 et
645 645 766 698 infra,
800 651 951 687 tamen
995 652 1121 700 opto*
1143 652 1189 688 et
1227 647 1430 688 desidero
1468 647 1617 702 plures
1656 651 1833 687 sanctos
1872 648 1920 685 et

115 728 301 770 devotos
342 729 457 770 viros
495 734 541 770 et
579 727 768 769 scientes
810 727 963 780 pocius
1001 727 1165 768 habere
1206 727 1351 769 officia
1391 733 1437 769 et
1477 741 1602 770 curas
1641 727 1686 768 in
1727 723 1922 768 ecclesiis

116 822 251 863 quam
289 809 507 863 meipsum
551 807 715 849 habere
761 806 882 848 milia
928 820 1188 858 marcarum,
1228 814 1275 850 et
1314 821 1449 862 quam
1492 808 1712 862 meipsum
1753 805 1920 847 habere

116 889 363 931 maximum
393 889 707 943 episcopatum,
733 888 849 941 quia,
869 893 985 929 teste
1012 887 1124 939 Deo,
1148 888 1185 930 si
1208 901 1385 942 possem
1413 888 1611 942 accipere
1637 886 1745 929 mihi
1775 884 1922 928 maxi-

117 982 240 1010 mum
269 970 571 1023 episcopatum
606 968 740 1023 regni,
770 974 816 1010 et
846 967 1017 1021 eligere,
1046 981 1104 1010 an
1132 967 1295 1010 vellem
1325 969 1432 1010 dare
1465 968 1592 1010 alteri
1621 965 1803 1017 homini,
1835 979 1920 1020 ego

115 1050 268 1103 pocius
295 1050 448 1091 darem
482 1049 608 1091 alteri
638 1062 772 1103 quam
807 1049 1052 1102 acciperem
1090 1048 1215 1090 illum
1247 1049 1554 1103 episcopatum
1589 1047 1721 1090 michi
1756 1046 1852 1101 ipsi,
1883 1046 1922 1087 si

115 1129 271 1171 scirem
308 1129 380 1172 vel
423 1129 647 1172 crederem
686 1130 808 1183 quod
853 1127 928 1170 ille
970 1128 1039 1170 cui
1079 1128 1232 1171 darem
1273 1128 1577 1183 episcopatum
1615 1127 1688 1170 vel
1726 1126 1920 1169 officium

116 1209 274 1251 melius
311 1215 473 1264 posset,
504 1209 645 1260 sciret,
674 1215 721 1251 et
759 1208 894 1251 vellet
933 1208 1145 1262 proficere
1189 1209 1422 1252 animabus
1460 1222 1595 1263 quam
1645 1221 1740 1262 ego,
1782 1220 1841 1249 sc.
1883 1206 1921 1247 si
1992 1248 1995 1251 .

116 1289 179 1331 sic
211 1288 442 1343 proficeret
477 1294 594 1331 recte
633 1288 928 1343 praedicando,
962 1293 1115 1330 sancte
1150 1287 1535 1341 exemplificando,
1569 1286 1920 1342 hospitalitatem

114 1369 320 1420 tenendo,
353 1369 499 1410 sobrie
536 1369 652 1410 inter
688 1368 889 1410 homines
924 1368 1126 1420 vivendo,
1161 1374 1207 1410 et
1246 1375 1364 1412 recte
1397 1367 1695 1419 consulend03
1741 1374 1787 1409 et
1820 1367 1919 1409 haec

115 1449 216 1491 dico
246 1462 335 1491 non
363 1455 544 1503 propter
569 1462 730 1491 vanam
760 1448 946 1503 gloriam
976 1455 1022 1490 et
1051 1449 1265 1490 honorem
1296 1463 1355 1490 ex
1383 1448 1469 1491 hoc
1499 1447 1632 1490 michi
1662 1447 1918 1489 habendum

114 1528 161 1570 in
199 1527 285 1571 hoc
328 1529 501 1580 saeeulo,
542 1529 622 1571 sed
668 1534 718 1570 ut
767 1528 842 1570 aJii
888 1528 984 1571 haec
1023 1528 1222 1584 legentes
1269 1535 1530 1571 moveantur
1569 1535 1615 1572 et
1654 1528 1919 1570 inclinentur

114 1609 312 1663 accipere
349 1609 542 1652 officium
581 1616 627 1652 et
666 1609 909 1661 ecclesiam,
944 1623 1021 1651 seu
1062 1609 1251 1652 refutare
1290 1609 1398 1651 talia
1435 1609 1599 1661 oblata,
1637 1609 1752 1652 sicut
1792 1609 1917 1650 Deus

114 1688 221 1741 vult,
250 1695 297 1731 et
326 1689 386 1731 ad
416 1689 636 1732 intentum
668 1689 864 1731 fiendum
896 1689 1016 1743 quod
1053 1689 1178 1732 Deus
1211 1690 1411 1744 praecipit
1445 1689 1551 1742 fieri,
1581 1695 1628 1732 et
1656 1689 1763 1744 quia
1792 1689 1917 1731 Deus

114 1769 199 1811 scit
225 1783 284 1811 an
312 1770 427 1812 bene
454 1769 525 1812 vel
555 1769 671 1812 male
699 1769 794 1821 feci,
818 1770 862 1811 in
893 1769 1126 1811 refutando
1156 1769 1511 1812 cancellariatum
1540 1769 1738 1812 ecclesiae
1767 1769 1917 1811 cathe-

116 1849 249 1891 dralis
283 1849 586 1901 Eboracensis,
620 1850 690 1892 cui
723 1855 826 1892 sunt
863 1849 1158 1904 appropriatae
1191 1850 1293 1892 duae
1326 1849 1520 1893 ecclesiae
1554 1849 1837 1905 parochiales,
1872 1855 1919 1891 et

117 1928 246 1981 male,
283 1935 335 1972 ut
376 1943 460 1984 ego
501 1930 682 1984 judic03
733 1931 835 1972 ideo
880 1930 1017 1972 offero
1058 1943 1131 1972 me
1170 1929 1353 1973 infinitae
1393 1930 1702 1972 misericordiae
1742 1929 1829 1971 Dei
1871 1935 1918 1971 et

116 2009 319 2062 precibus
362 2011 562 2052 omnium
607 2016 872 2062 sanctorum,
912 2010 1016 2064 quia
1059 2010 1104 2051 in
1151 2010 1382 2053 refutando
1426 2010 1511 2053 hoc
1561 2016 1606 2053 et
1651 2010 1738 2052 alia
1783 2010 1917 2052 credo

118 2087 301 2131 firmiter
343 2103 416 2132 me
461 2103 558 2132 esse
600 2098 647 2134 et
688 2091 822 2133 fuisse
868 2090 1120 2140 inhabilem,
1161 2097 1208 2133 et
1253 2104 1341 2134 non
1387 2090 1628 2134 habentem
1675 2090 1919 2132 necessaria

118 2167 327 2222 requisita
365 2170 422 2211 ad
464 2171 671 2212 standum
715 2172 760 2212 in
804 2171 962 2225 proelio
1004 2184 1086 2225 pro
1125 2170 1322 2213 Domino
1360 2171 1461 2213 Deo
1504 2171 1562 2213 ad
1602 2170 1917 2213 destruendum

120 2248 239 2290 mala
262 2254 308 2290 et
336 2257 519 2303 peccata
547 2265 710 2306 magna
737 2251 881 2294 valde.

234 2333 279 2377 [p-
299 2334 393 2378 438]
451 2329 749 2373 Consimiliter
772 2333 889 2373 viros
918 2331 1128 2386 probatos
1155 2330 1200 2372 in
1227 2330 1414 2373 sciencia
1443 2337 1489 2373 et
1514 2330 1676 2372 virtute
1703 2335 1917 2384 ponerent

119 2407 311 2462 episcopi
345 2414 392 2451 et
425 2410 656 2453 collatores
685 2412 965 2454 ecclesiarum
997 2412 1043 2452 in
1077 2410 1273 2453 ecclesiis
1302 2410 1635 2465 parochialibus,
1666 2415 1711 2450 et
1741 2409 1786 2449 in
1820 2408 1918 2450 aliis

118 2488 271 2530 officiis
300 2488 358 2529 ad
387 2490 627 2543 regendum
654 2492 868 2546 populum
897 2492 995 2543 Dei,
1027 2497 1072 2533 et
1101 2505 1189 2533 non
1218 2491 1278 2533 ad
1307 2490 1675 2544 corrumpendum
1705 2488 1918 2542 populum

121 2567 207 2610 Dei
249 2574 295 2611 et
328 2569 643 2612 destruendum
684 2572 899 2627 populum
939 2573 1037 2623 Dei,
1077 2572 1191 2614 sicut
1229 2572 1397 2615 faciunt
1431 2572 1526 2626 jam
1566 2569 1765 2612 moderni
1805 2569 1920 2623 epis-

120 2648 220 2702 copi
263 2654 309 2690 et
346 2649 520 2702 patroni
558 2649 852 2703 ecclesiarum,
891 2653 967 2707 qui
1011 2658 1184 2707 ponunt
1220 2652 1413 2695 festucas
1454 2652 1499 2692 in
1540 2650 1745 2699 ecclesiiS,
1787 2656 1833 2691 et
1875 2649 1921 2690 in

121 2729 245 2779 curis,
265 2733 311 2769 et
340 2727 503 2777 officiis,
525 2734 571 2770 et
600 2729 646 2772 in
676 2732 938 2784 praebendis,
958 2733 1035 2774 ubi
1066 2739 1282 2786 ponerent
1312 2732 1542 2775 columnas
1569 2730 1694 2771 vivos
1722 2735 1915 2779 sanctos,

122 2823 179 2852 sc.
220 2815 264 2851 et
301 2814 495 2851 maturos
532 2809 659 2862 viros,
694 2817 739 2854 et
779 2826 866 2854 non
911 2827 1070 2867 pueros
1111 2819 1154 2855 et
1200 2814 1311 2856 alios
1346 2813 1419 2866 qui
1461 2810 1653 2853 serviunt
1694 2810 1776 2852 sibi
1816 2810 1922 2865 ipsis

977 2891 1012 2922 Η
1037 2893 1060 2922 2
