2456 3210
437 261 520 313 184
938 268 1070 304 LOCI
1104 267 1143 302 E
1180 267 1347 302 LIBRO
1393 267 1739 303 VERJTATUM.

436 410 648 462 themate,
681 418 786 453 tunc
823 411 1017 453 declaret
1053 412 1283 453 materiam
1319 412 1603 465 propositam,
1641 418 1687 454 et
1722 411 1796 453 illa
1831 425 1931 466 quae
1961 411 2244 454 includuntur

438 491 483 532 in
527 490 601 532 illa
649 491 831 533 materia
871 492 1107 546 proposita,
1148 497 1193 533 et
1241 491 1471 532 materiam
1517 492 1788 546 propositam
1829 492 1873 533 in
1913 491 2126 546 principio
2174 491 2241 532 sui

438 573 652 614 sermonis
668 573 742 634 {ita
764 572 958 614 declaret
985 573 1259 626 praedicator,
1280 572 1399 626 quod
1428 585 1517 630 ³193}
1538 572 1690 614 recitet
1719 572 2119 651 conclusionesmgna
2140 573 2240 614 eriae

437 653 715 715 innumero,
748 654 825 694 sed
860 653 1053 695 declaret
1098 653 1328 695 materiam
1368 653 1641 707 propositam
1683 654 1924 695 secundum
1965 639 2126 708 exigen
2168 642 2269 695 aff

437 716 633 776 materiae
660 718 713 776 ret
745 735 986 776 secundum
1018 735 1295 789 exigenciam
1331 741 1376 776 et
1412 734 1646 776 utilitatem
1684 735 1926 776 audienciae
1961 735 2018 776 ad
2054 734 2241 776 salutem

438 815 628 866 animae3
670 822 719 857 ut
758 816 793 856 si
823 816 930 857 velit
962 817 1199 870 praedicare
1232 816 1288 856 de
1323 816 1482 856 timore
1513 816 1598 856 Dei
1634 816 1828 857 declaret
1859 816 1978 857 illam
2011 815 2243 856 materiam

438 901 483 936 et
512 895 678 937 inclusa
708 897 751 937 in
784 896 858 937 illa
889 897 1084 947 materia,
1106 902 1150 937 et
1181 902 1285 938 tunc
1311 910 1399 937 non
1426 897 1557 948 dicat,
1579 896 1738 938 ‘Tales
1767 897 2067 938 conclusiones
2098 902 2142 938 et
2173 902 2243 938 tot

438 977 741 1018 conclusiones
768 977 870 1018 volo
898 977 1119 1018 declarare
1147 977 1190 1018 in
1213 978 1297 1019 ista
1319 975 1526 1027 materia,'
1548 978 1625 1019 sed
1652 978 1781 1029 dicat,
1805 978 1987 1020 ‘Talem
2013 978 2242 1019 materiam

437 1057 541 1098 volo
578 1057 800 1099 declarare
836 1072 914 1112 per
946 1058 1031 1099 Dei
1067 1059 1272 1112 graciam,
1304 1058 1417 1099 sicut
1450 1058 1631 1100 materia
1662 1058 1735 1099 illa
1771 1059 2004 1110 concernit,
2029 1059 2100 1100 vel
2130 1058 2243 1100 sicut

1505 1136 1515 1153 9

438 1138 614 1179 videtur
641 1138 772 1180 michi
804 1152 900 1180 esse
928 1138 1035 1180 utile
1061 1138 1191 1180 saluti
1222 1139 1501 1190 animarum3
1546 1145 1591 1180 et
1605 1132 1726 1191 [tunc
1757 1138 1951 1181 declaret
1981 1139 2137 1181 doctor
2165 1152 2242 1180 seu

440 1219 704 1272 praedicator
754 1220 983 1261 materiam
1037 1219 1309 1274 propositam
1358 1219 1600 1261 secundum
1652 1220 1926 1273 exigenciam
1977 1225 2021 1261 et
2069 1219 2245 1261 habitu-

441 1299 605 1349 dinem,
642 1300 668 1340 i.
693 1314 729 1341 e.
762 1300 989 1354 sequelam
1034 1300 1150 1341 illius·
1185 1300 1392 1351 materiae,
1423 1300 1535 1341 sicut
1573 1299 1804 1354 theologus
1836 1301 2078 1342 declararet
2105 1305 2245 1341 mate-

440 1381 550 1420 riam
576 1381 860 1435 propositam,
883 1381 927 1422 in
956 1380 1149 1423 leccione
1173 1395 1252 1422 sua
1277 1381 1495 1422 ordinaria
1521 1380 1591 1422 vel
1623 1378 1981 1430 extraordinaria,
2004 1380 2244 1422 secundum

440 1461 717 1514 exigenciam
747 1462 942 1503 materiae
973 1462 1222 1516 propositae,
1247 1468 1292 1503 et
1322 1462 1564 1503 secundum
1589 1461 1696 1503 illud
1727 1462 1846 1516 quod
1878 1462 2060 1504 materia
2085 1475 2244 1515 propo-

441 1542 523 1582 sita
553 1542 693 1595 exigit
724 1549 769 1583 et
804 1542 994 1596 requirit,
1016 1549 1060 1584 et
1084 1543 1326 1584 secundum
1354 1542 1659 1584 habitudinem
1690 1556 1765 1583 seu
1794 1541 2016 1596 sequelam
2049 1542 2244 1583 materiae

441 1623 689 1675 propositae,
729 1629 772 1663 et
802 1623 1040 1664 secundum
1086 1623 1205 1676 quod
1244 1623 1428 1664 materia
1468 1623 1730 1665 declaranda
1769 1614 2084 1683 concernit,{et
2126 1622 2244 1663 dicat

442 1702 702 1756 praedicator
732 1703 844 1744 sicut
875 1703 991 1745 dixit
1024 1703 1214 1745 Sanctus
1245 1703 1495 1756 Jeronimus
1525 1704 1582 1745 ad
1613 1709 1811 1745 sanctam
1841 1702 2053 1756 virginem
2081 1702 2245 1743 Eusto-

444 1782 591 1823 chium
623 1782 666 1822 in
698 1783 880 1836 prologo
914 1784 1010 1825 libri
1041 1785 1181 1837 quinti
1215 1785 1281 1825 sui
1313 1798 1443 1838 super
1474 1783 1720 1825 Ezechiele.

559 1869 605 1912 [p.
629 1868 723 1912 447]
785 1863 845 1904 Et
881 1864 966 1904 isto
1003 1865 1137 1905 modo
1173 1865 1357 1906 intendo
1394 1878 1476 1919 ego
1517 1865 1724 1917 deinceps
1755 1863 2006 1917 praedicare,
2042 1877 2123 1917 per
2158 1862 2243 1904 Dei

442 1944 649 1998 graciam,
692 1957 751 1985 sc.
784 1945 989 1985 materias
1028 1946 1308 1996 necessarias,
1351 1946 1408 1987 de
1452 1945 1610 1999 quibus
1650 1944 1770 1998 loqui
1811 1944 2004 1995 intendo,
2043 1944 2087 1985 in
2126 1944 2267 1998 prin-.

443 2026 557 2080 cipio
603 2026 816 2066 sermonis
856 2038 1112 2078 proponere,
1152 2032 1196 2068 et
1237 2032 1445 2068 contenta
1485 2026 1528 2066 in
1565 2025 1731 2066 eisdem
1774 2025 1967 2066 materiis
2008 2024 2244 2074 declarare,

442 2106 613 2160 absque
643 2105 918 2147 assumcione
950 2106 1133 2159 alicujus
1165 2112 1320 2149 textus
1351 2106 1421 2148 vel
1462 2105 1670 2147 thematis
1703 2105 1747 2145 in
1779 2105 1992 2159 principio
2033 2104 2245 2146 sermonis

443 2186 513 2228 vel
549 2177 988 2250 prae'dicacioniS,Lita
1029 2187 1148 2240 quod
1186 2187 1343 2228 modus
1384 2185 1650 2240 praedicandi
1690 2184 1747 2225 ad
1783 2185 1999 2238 populum
2039 2191 2247 2238 sequatur

445 2268 629 2308 modum
659 2266 836 2320 legendi
876 2265 1106 2307 doctorum
1137 2267 1316 2320 quando
1355 2266 1507 2321 legunt
1538 2265 1755 2306 ordinarie
1794 2266 1869 2306 aut
1901 2264 2246 2307 extraordinarie

444 2347 658 2389 lecciones
697 2360 800 2388 suas
845 2346 887 2387 in
929 2346 1069 2395 scolis,
1105 2347 1377 2389 declarantes
1418 2346 1462 2388 in
1493 2358 1580 2387 una
1619 2344 1813 2386 leccione
1853 2359 1986 2387 unam
2025 2344 2094 2387 vel
2134 2345 2246 2386 duas

443 2427 512 2469 vel
544 2431 632 2469 tres
663 2426 880 2477 materias,
900 2426 970 2467 vel
1002 2433 1208 2469 contenta
1240 2428 1283 2468 in
1315 2426 1494 2468 eisdem.
1554 2424 1780 2479 Antiquus
1811 2426 1927 2467 enim
1959 2426 2116 2467 modus
2144 2439 2245 2480 pro-

446 2508 638 2562 ponendi
679 2506 979 2549 conclusiones
1013 2507 1063 2547 ‚in
1105 2507 1234 2548 scolis
1267 2493 1524 2560 Theologiae
1559 2505 1750 2548 Oxoniae
1791 2520 1872 2560 per
1910 2507 2113 2548 doctores
2148 2505 2242 2555 fuit,

445 2599 691 2642 proponere
720 2587 912 2642 aliquem
934 2592 1109 2628 textum
1133 2587 1288 2629 Bibliae
1319 2598 1401 2641 per
1424 2586 1606 2627 modum
1632 2586 1921 2628 conclusionis
1950 2585 2242 2640 disputandae,

449 2675 496 2710 ut
526 2670 561 2710 si
582 2669 679 2723 quis
703 2669 879 2719 diceret,
900 2673 1045 2709 utrum
1070 2668 1218 2709 ‘Deus
1239 2673 1437 2709 nostrum
1459 2665 1674 2719 refugium
1696 2672 1739 2707 et
1759 2666 1896 2708 virtus
1916 2667 1983 2718 sit,
2003 2665 2180 2719 adjutor
2199 2667 2243 2707 in

447 2746 857 2790 tribulacionibus?'
888 2748 1008 2802 quod
1031 2761 1118 2788 non
1140 2748 1336 2801 arguitur
1363 2746 1424 2787 sic
1450 2751 1494 2787 et
1516 2747 1591 2787 sic.
1655 2747 1781 2795 Item,
1805 2760 1954 2801 quaero
1982 2746 2026 2787 in
2051 2746 2244 2788 secunda

448 2830 628 2870 materia
657 2843 756 2872 mea
788 2828 1064 2884 disputanda,
1088 2841 1145 2869 an
1167 2828 1312 2870 ‘Deus
1337 2826 1448 2869 vidit
1479 2826 1775 2880 cogitaciones
1800 2826 2028 2870 hominum
2042 2824 2076 2869 ?’
2105 2830 2151 2868 et
2173 2823 2251 2876 hic,
