2456 3210
434 265 513 307 192
931 258 1062 293 LOCJ
1097 258 1136 292 E
1174 258 1340 294 LIBRO
1388 258 1732 295 VERJTATUM

429 403 631 444 datorem
670 402 794 444 verbi
834 401 901 442 sui
942 415 1031 443 non
1071 408 1325 444 exactorem
1361 402 1465 442 vitae
1507 401 1644 456 ipsius
1681 401 1912 445 audientis.
1977 403 2127 446 Tuum
2169 410 2236 447 est

429 485 545 533 dare,
569 483 788 525 audientis
820 489 887 524 est
914 483 1147 534 informari,
1170 489 1214 525 et
1245 482 1489 525 secundum
1517 483 1700 525 verbum
1725 484 1907 538 operari,
1928 486 2049 539 quod
2079 485 2117 527 si
2147 499 2236 528 non

428 565 573 616 faciat,
601 563 785 606 verbum
816 563 1036 617 prolatum
1069 578 1216 606 coram
1249 564 1348 605 Deo
1380 563 1462 604 erit
1493 569 1644 605 contra
1673 564 1817 618 ipsum
1848 565 1892 606 in
1923 565 2236 619 testimonium,

429 646 547 699 quod
579 645 711 696 novit,
742 644 862 698 quod
895 644 1075 694 audivit,
1108 645 1228 698 quod
1262 643 1497 694 intellexit,
1530 650 1575 686 et
1605 650 1700 686 tum
1734 658 1821 686 non
1852 645 1982 697 fecit3
2018 645 2119 688 ideo
2150 646 2236 689 Dei

429 731 497 767 est
538 725 716 778 exigere
756 725 877 766 verbi
917 723 1119 775 fructum,
1163 731 1207 766 et
1252 725 1552 779 praedicatoris
1600 731 1679 766 est·
1708 726 1814 767 dare
1860 726 2056 768 verbum.
2126 725 2236 770 Ideo

427 807 505 847 tali
542 806 659 850 dicet
695 806 819 846 Deus
853 805 963 846 illud
1000 805 1227 860 evangelii,
1263 804 1441 860 ‘Quare
1476 818 1564 847 non
1604 805 1765 847 dedisti
1795 808 2028 860 pecuniam
2060 805 2236 858 meam,'

428 887 455 928 i.
473 901 509 928 e.
534 887 731 938 verbum,
760 887 839 927 ‘ad
872 885 1097 936 mensam,'
1128 886 1154 927 i.
1173 901 1210 928 e.
1239 886 1297 927 ad
1326 886 1551 940 puplicum
1580 887 1881 939 ministerium,
1903 889 1976 930 ‘ut
2006 901 2088 943 ego
2114 888 2236 930 veni—

428 981 506 1009 ens
535 968 762 1021 exigerem
790 965 995 1016 usuram,'
1026 967 1053 1007 i.
1070 981 1108 1007 e.
1134 961 1456 1008 incrementum
1483 966 1588 1008 boni
1616 968 1759 1021 operis
1785 981 1866 1022 per
1892 968 2104 1011 verbum?
2134 968 2237 1011 ideo

428 1048 534 1090 dicit
582 1048 740 1089 beatus
780 1046 1061 1101 Augustinus
1111 1046 1325 1089 Sermone
1369 1061 1449 1089 suo
1495 1048 1811 1100 ducentesimo,
1851 1062 1984 1102 quem
2031 1048 2135 1092 fecit
2177 1049 2236 1091 ad

427 1128 644 1183 populum
675 1129 747 1170 die
775 1127 1069 1169 ordinacionis
1099 1141 1191 1169 suae
1222 1127 1267 1169 in
1296 1127 1565 1182 episcopum,
1595 1128 1914 1182 ‘Erogatorem
1939 1129 2060 1171 verbi
2089 1129 2238 1184 posuit

427 1216 473 1250 te
505 1209 638 1260 Deus,
671 1209 711 1251 O
745 1209 962 1263 episcope,
1003 1222 1092 1250 non
1134 1215 1401 1260 exactorem,
1431 1222 1490 1251 sc.
1520 1209 1635 1259 vitae,
1674 1209 1718 1250 in
1758 1210 1976 1260 audiente,
2013 1209 2118 1264 quia
2151 1208 2237 1252 hoc

427 1290 619 1344 pertinet
654 1287 780 1331 Deo.’
1061 1317 1079 1360 Α
1110 1271 1306 1349 &1435ae

544 1377 594 1420 [p.
630 1376 722 1420 515]
759 1349 1052 1434 =*1921-0moc2‘ipssj
1095 1370 1253 1413 ‘Heul
1291 1370 1406 1412 heu!
1445 1370 1560 1412 heu!
1621 1370 1814 1412 Domine
1845 1370 1995 1413 Deus!
2036 1371 2235 1426 nunquid

428 1433 1017 1493 consummacionem'facies
1031 1450 1057 1491 ?’
1090 1451 1204 1493 sicut
1231 1452 1349 1493 dixit
1371 1450 1578 1494 Ezechiel
1603 1450 1818 1506 propheta
1839 1450 1924 1492 Dei
1951 1451 2236 1495 <et-sacerdos.

430 1531 728 1574 Consimiliter
752 1532 1035 1573 clamandum
1064 1538 1132 1573 est
1160 1531 1266 1585 jam,
1297 1532 1426 1574 Heu!
1479 1531 1673 1573 Domine
1700 1531 1851 1573 Deus!
1897 1531 2001 1585 quia
2033 1545 2236 1573 consum-

429 1613 570 1653 macio
603 1613 707 1653 boni
750 1612 972 1666 regiminis
1007 1612 1102 1667 jam
1144 1619 1212 1654 est
1253 1613 1297 1654 in
1340 1613 1522 1655 diversis
1564 1612 1682 1661 locis,
1727 1611 1814 1662 ubi,
1845 1617 2027 1666 propter
2065 1611 2235 1654 lucrum

426 1692 682 1734 habendum
711 1699 754 1734 et
783 1693 973 1744 divicias,
998 1699 1047 1735 ut
1075 1695 1382 1747 expendantur
1411 1695 1456 1735 in
1487 1693 1692 1735 domibus
1721 1692 2092 1746 promovencium,
2124 1693 2234 1734 curi-

427 1773 532 1824 ales,
572 1772 795 1825 luxuriosi,
836 1774 1029 1815 officiarii
1069 1774 1360 1826 dominorum,
1401 1781 1446 1816 et
1485 1774 1653 1815 curiose
1697 1773 1946 1827 loquentes,
1989 1778 2033 1814 et
2074 1773 2234 1816 medici

427 1853 579 1907 pocius
612 1866 843 1907 corporum
875 1867 1009 1907 quam
1041 1855 1288 1896 animarum
1326 1861 1549 1909 ponuntur
1582 1855 1627 1895 in
1659 1853 1864 1903 ecclesiis,
1897 1853 1939 1893 in
1972 1853 2234 1908 episcopati-

427 1934 522 1985 bus,
545 1934 589 1974 in
619 1934 920 1987 dignitatibus,
943 1941 987 1975 et
1013 1935 1054 1975 in
1077 1937 1338 1989 praebendis,
1361 1943 1405 1979 et
1432 1936 1493 1978 sic
1521 1941 1744 1990 ponuntur
1769 1934 1813 1975 in
1834 1935 2027 1977 ecclesiis
2054 1935 2234 1977 festucae

427 2028 507 2068 pro
538 2014 764 2062 columnis,
798 2015 920 2068 pueri
956 2029 1035 2069 pro
1067 2017 1182 2068 viris,
1214 2017 1372 2059 ribaldi
1403 2031 1483 2071 pro
1514 2016 1676 2058 sanctis
1708 2015 1969 2067 hominibus,
2001 2016 2123 2058 inscii
2154 2030 2234 2071 pro

429 2095 610 2136 maturis
644 2095 746 2136 viris
783 2101 826 2136 et
857 2095 1106 2148 scientibus,
1141 2103 1185 2138 et
1216 2098 1431 2149 monachi,
1463 2103 1507 2139 et
1543 2096 1733 2150 religiosi
1765 2096 1936 2147 diversi,
1970 2097 2045 2151 qui
2082 2097 2234 2139 dicunt

427 2189 475 2216 se
506 2188 630 2216 orare
663 2189 742 2229 pro
770 2175 1055 2228 parochianis,
1087 2191 1273 2230 quorum
1306 2178 1486 2220 divicias
1517 2183 1562 2218 et
1591 2176 1843 2218 oblaciones
1874 2177 2039 2219 habent
2073 2191 2234 2232 appro-

427 2256 603 2309 priatas,
635 2269 714 2297 nec
747 2263 873 2297 orant
908 2270 1054 2298 coram
1089 2259 1161 2310 eis,
1193 2260 1342 2300 dando
1379 2259 1441 2301 eis
1477 2258 1734 2311 exemplum
1769 2258 2020 2301 devocionis
2053 2265 2232 2308 sanctae,

429 2350 509 2378 nec
550 2337 658 2378 dant
699 2337 784 2378 illis
828 2337 1104 2391 parochianis
1143 2340 1403 2381 elemosinas
1444 2338 1719 2389 necessarias,
1762 2353 1842 2382 nec
1883 2341 2043 2382 curatis
2083 2353 2233 2381 neces-

428 2417 551 2469 saria,
592 2432 671 2473 per
711 2433 822 2473 quae,
860 2418 904 2459 in
946 2433 1097 2461 eorum
1138 2421 1331 2463 sanitate
1376 2426 1420 2463 et
1461 2420 1504 2461 in
1546 2434 1696 2461 eorum
1738 2420 2005 2470 infirmitate,
2047 2425 2233 2475 possunt

427 2499 657 2551 providere
698 2499 942 2541 necessaria
981 2500 1212 2543 animabus
1251 2515 1430 2543 suorum
1471 2499 1858 2555 parochianorum!
1900 2508 1945 2543 et
1985 2500 2086 2542 ideo
2115 2499 2233 2543 dixit

428 2578 636 2621 dominus
677 2579 1008 2631 Lincolniensis,
1050 2582 1205 2622 doctor
1246 2581 1469 2656 ssssbffitPS
1511 2579 1796 2633 Grosseteste,
1837 2581 1881 2622 in
1928 2580 2233 2635 proposicione

429 2672 576 2700 coram
609 2674 726 2715 papa
768 2661 1044 2711 Innocencio‚
1079 2637 1529 2731 ‘cumfecclesiarum
1570 2661 1888 2714 parochialium
1929 2660 2250 2722 appropriacioi,

430 2738 545 2780 facta
573 2742 716 2800 esttin
744 2741 926 2783 ecclesia
954 2741 1038 2781 Dei
1067 2742 1263 2783 omnium
1296 2741 1509 2783 malorum
1538 2740 1832 2796 perpetuacio'
1855 2774 1864 2784 .
1888 2774 1897 2784 .
1918 2774 1930 2785 .
1953 2773 1962 2782 .
1990 2741 2044 2782 In
2064 2739 2232 2796 Anglia

430 2819 545 2859 enim
579 2834 656 2873 per
687 2829 742 2874 50
774 2835 912 2863 annos
945 2827 988 2863 et
1020 2821 1144 2872 ultra,
1176 2823 1232 2863 ab
1264 2835 1379 2863 anno
1413 2821 1490 2863 Xti
1528 2833 1649 2875 1403,
1683 2822 1724 2862 in
1756 2836 1845 2875 quo
1881 2821 1940 2863 fui
1972 2828 2112 2873 natus,
2143 2834 2230 2862 non
