2456 3210
459 252 539 286 212
957 249 1089 286 LOCI
1122 249 1162 285 E
1199 250 1366 287 LIBRO
1411 251 1756 288 VERJTATUM.

455 393 534 434 sed
575 392 760 447 optabat
799 391 962 434 habere
1001 393 1114 435 tales
1163 394 1488 436 examinatores
1533 394 1742 437 librorum
1789 409 1965 438 suorum
2006 410 2116 451 quos
2166 397 2259 451 ipse

456 473 645 515 vocabat
684 473 767 515 sibi
803 486 928 527 pares
965 474 1010 515 in
1040 474 1270 517 scolastica
1305 476 1634 530 disputacione,.
1654 483 1699 518 et
1731 476 1880 518 favore
1910 490 2042 531 quem
2072 477 2258 532 optabat

456 553 620 596 habere
655 567 734 607 per
762 554 1040 596 adhaerentes
1072 555 1111 596 ei
1138 555 1334 609 juvenes,
1367 562 1412 597 et
1444 556 1572 598 malae
1603 556 1706 598 fidei
1738 563 1926 609 notatos,
1957 562 2003 598 et
2031 563 2257 611 reputatos

456 633 579 675 istius
605 634 751 675 Pecok
782 635 988 689 episcopi.
1050 635 1229 677 Novum
1260 636 1510 688 cimbolum,
1532 637 1650 690 quod
1683 637 1834 688 edidit,
1857 636 1939 679 fuit
1969 637 2253 686 destructum,

456 719 501 754 et
536 720 798 766 revocatum,
839 721 883 756 et
918 715 1163 767 inhibitum,
1200 722 1249 757 ut
1284 729 1363 770 pro
1399 716 1587 759 simbolo
1621 718 1679 759 ab
1714 717 1862 771 aliquo
1896 716 2142 767 haberetur,
2177 729 2257 772 per

454 794 715 847 praedictum
746 794 1121 850 archiepiscopum
1155 795 1526 847 cantuariensem,
1558 803 1602 838 et
1633 811 1712 851 per
1741 797 1979 839 confratres
2005 811 2106 839 suos
2142 796 2255 852 epis-

456 887 601 928 copos,
632 874 707 928 qui
742 875 802 917 sic
837 875 1095 929 proclamari
1131 876 1233 919 fecit
1267 891 1347 931 per
1381 877 1606 920 doctorem
1638 879 1681 919 in
1716 877 1972 932 Theologia,
2006 876 2256 919 Pinchebek

455 955 647 1005 nomine,
675 957 733 997 ad
761 969 933 998 crucem
962 956 1114 1000 Sancti
1144 958 1279 1010 Pauli,
1302 958 1557 1010 Londoniis‚
1585 972 1701 1000 anno
1722 959 1802 1001 Xti
1834 963 1928 1000 mm⁰
1948 958 2143 1001 ccccm01.
2165 958 2254 1012 vij⁰‚

454 1036 498 1076 in
539 1035 759 1078 dominica
794 1037 904 1079 infra
944 1043 1122 1079 octavas
1154 1038 1308 1081 Sancti
1340 1039 1532 1091 Martini,
1564 1038 1644 1081 Xti
1676 1039 1946 1091 confessoris,
1979 1038 2257 1093 ‘Archiepis-

455 1129 591 1169 copus
640 1115 978 1167 Cantuariensis,
1027 1118 1224 1177 Thomas
1275 1119 1509 1171 Boushere,
1549 1119 1750 1162 consulto
1797 1133 1899 1174 rege
1947 1119 2142 1161 Henrico
2180 1119 2255 1174 vj0,

455 1196 628 1250 expulit
668 1197 812 1251 ipsum
848 1199 993 1241 Pecok
1032 1200 1290 1254 episcopum
1335 1199 1644 1242 Cicistrensem
1684 1214 1710 1241 a
1751 1200 1886 1241 domo
1926 1200 2033 1254 regii
2072 1199 2255 1248 concilii,

455 1277 658 1318 omnibus
689 1278 749 1319 ibi
780 1279 970 1321 dominis
1001 1281 1122 1335 regni
1153 1281 1473 1335 temporalibus
1509 1280 1631 1322 illum
1668 1280 1831 1334 expelli
1862 1279 2142 1335 optantibus?

570 1364 613 1407 [p.
644 1365 736 1409 596]
812 1360 982 1402 Doctor
1021 1360 1157 1415 Hugo
1198 1362 1255 1403 de
1285 1362 1470 1413 Vienna,
1511 1362 1586 1416 qui
1626 1361 1706 1403 fuit
1747 1362 1803 1403 de
1844 1362 1995 1415 primis
2039 1361 2114 1415 qui
2161 1366 2257 1402 ute-

454 1439 613 1480 bantur
654 1439 711 1480 de
747 1440 1042 1482 cardinalibus
1079 1441 1239 1483 Romae
1275 1443 1410 1484 rubeo
1451 1441 1646 1496 capello;
1687 1455 1767 1496 pro
1803 1455 1891 1495 qua
1926 1442 2120 1492 materia,
2150 1446 2257 1482 nota

426 1518 725 1561 --willelmum
757 1521 812 1562 de
839 1521 1016 1574 Vanais‚
1048 1522 1314 1565 monachum
1348 1523 1499 1565 Sancti
1531 1523 1746 1576 Dionysii,
1778 1522 1822 1562 in
1852 1535 1932 1564 sua
1965 1521 2162 1562 Cronica.

571 1606 654 1647 [Ib]
729 1601 935 1655 Regnum
976 1602 1155 1656 Angliae
1199 1603 1281 1645 fuit
1329 1603 1518 1645 multum
1562 1603 1876 1657 perturbatum,
1916 1615 2032 1643 anno
2074 1601 2256 1642 Domini

461 1688 580 1732 1457,
620 1695 699 1734 per
738 1681 871 1723 libros
906 1683 1182 1737 Anglicanos
1223 1685 1366 1727 editos
1402 1698 1480 1739 per
1519 1697 1654 1725 unum
1683 1682 1915 1733 Vallicum,
1957 1681 2256 1736 Reginaldum

457 1760 614 1811 Pecok,
647 1763 900 1817 episcopum
938 1763 1258 1815 Cicistrensem,
1293 1767 1368 1820 qui
1399 1766 1541 1819 primo
1573 1763 1827 1819 praedicavit
1861 1762 2114 1813 Londoniis‚
2145 1762 2256 1815 pub-

454 1841 536 1882 lice
573 1842 734 1890 dicens,
771 1845 826 1884 ad
870 1858 1041 1885 crucem
1078 1847 1340 1888 sanctissimi
1375 1846 1510 1897 Pauli,
1547 1846 1665 1899 quod
1703 1845 1894 1898 episcopi
1933 1844 1976 1884 in
2009 1843 2103 1890 hoc,
2136 1843 2255 1896 quod

455 1921 660 1976 episcopi,
696 1936 783 1964 non
815 1929 1019 1965 tenentur
1051 1926 1314 1978 praedicare3
1353 1932 1397 1968 et
1433 1932 1537 1967 tunc
1573 1930 1675 1979 post
1709 1924 1792 1965 hoc
1828 1923 1978 1964 incidit
2014 1923 2070 1964 de
2109 1922 2256 1964 abisso

455 2001 670 2043 malorum
705 2003 747 2044 in
782 2003 992 2057 majorem
1027 2004 1220 2046 abissum
1258 2012 1302 2047 et
1335 2005 1600 2060 profundum
1634 2004 1860 2053 malorum,
1894 2002 2256 2056 reprehendendo

454 2083 573 2124 dicta
605 2089 856 2125 sanctorum
880 2100 890 2135 3
916 2090 978 2126 -et
1011 2098 1128 2127 anno
1165 2085 1244 2127 Xti
1286 2086 1395 2138 1456
1426 2085 1544 2127 misit
1575 2085 1748 2127 literam
1781 2098 1904 2125 suam
1943 2082 2102 2137 Majori
2135 2081 2255 2124 Lon-

453 2163 696 2215 domatum,
717 2162 907 2218 Canyng
934 2166 1121 2217 nomine,
1147 2180 1234 2220 qua
1265 2166 1378 2208 lecta
1408 2172 1457 2207 ut
1483 2165 1612 2208 valde
1641 2165 1880 2218 suspiciosa
1910 2162 2256 2218 perturbacionis

454 2242 569 2295 fidei,
606 2250 650 2285 et
686 2244 1016 2286 insurreccionis
1052 2246 1094 2286 in
1130 2260 1266 2300 regno
1296 2246 1487 2301 Angliae,
1518 2246 1636 2287 idem
1668 2245 1813 2299 Major
1849 2245 1966 2286 misit
2000 2242 2122 2285 illam
2157 2242 2254 2284 lite-

454 2336 548 2364 ram
579 2325 672 2378 regi
695 2324 889 2366 Henrico
913 2324 1087 2376 Sext03
1120 2340 1219 2380 quae
1250 2328 1394 2381 ipsum
1421 2333 1467 2369 et
1497 2326 1700 2368 dominos
1730 2339 1832 2366 suos
1862 2325 1908 2366 in
1938 2323 2089 2365 odium
2119 2322 2256 2377 ipsius

455 2403 600 2445 Pecok
639 2405 830 2459 episcopi
872 2405 1061 2447 multum
1101 2386 1338 2458 excitavit3
1382 2414 1427 2449 et
1461 2419 1577 2447 anno
1611 2405 1690 2447 Xti
1729 2413 1836 2458 1457
1871 2405 2075 2447 doctores
2107 2414 2172 2454 24,
2209 2403 2254 2443 in

453 2484 691 2536 praesencia
718 2485 1034 2539 archiepiscopi
1065 2486 1263 2539 praedicti
1294 2486 1618 2548 Cantuariensis
1649 2492 1693 2527 et
1722 2485 1903 2527 fratrum
1934 2496 2111 2526 suorum
2141 2482 2255 2536 epis-

453 2577 662 2618 coporum
685 2564 938 2616 Londoniis‚
960 2565 1099 2607 multa
1127 2567 1287 2620 scripta
1309 2566 1453 2608 Pecok
1474 2566 1767 2620 probaverunt
1788 2566 1832 2607 in
1853 2564 2091 2620 praesencia
2118 2563 2255 2617 ipsius

456 2643 600 2686 Pecok
623 2646 816 2701 episcopi
838 2660 932 2688 esse
960 2660 1149 2699 erronea,
1174 2654 1217 2689 et
1244 2649 1339 2702 ipsa
1365 2647 1538 2701 scripta,
1564 2659 1642 2699 per
1666 2660 1766 2688 eum
1787 2647 1822 2688 si
1844 2653 1990 2688 essent
2014 2644 2254 2695 defensata,

455 2738 550 2765 esse
591 2725 808 2779 haeretica,
839 2733 884 2769 et
922 2726 1005 2768 hoc
1047 2741 1093 2768 se
1128 2729 1385 2782 probaturos
1425 2740 1571 2769 coram
1609 2741 1709 2782 rege
1747 2726 1943 2768 Henrico
1974 2724 2129 2777 Sexto,
2163 2725 2255 2771 suis

456 2804 580 2856 pileis
622 2813 806 2860 utentes,
847 2808 1150 2863 promiserunt.
1232 2809 1476 2863 Episcopus
1518 2808 1632 2849 enim
1683 2808 1846 2850 electus
1887 2813 1932 2849 et
1970 2806 2254 2849 confirmatus
