2456 3210
719 326 851 362 LOCI
884 326 924 361 E
962 324 1130 360 LIBRO
1177 321 1519 359 VERJTATIAEI.
1944 325 2024 366 149

219 477 267 513 et
309 470 457 524 plures
502 469 674 510 animas
718 468 854 509 verbo
898 475 943 508 et
989 465 1199 521 exemplo
1242 466 1360 506 bono
1408 464 1507 505 Deo
1554 461 1848 516 adquirerent,
1890 474 2025 514 quam

221 564 376 592 omnes
405 549 484 599 illi,
505 555 549 590 et
576 548 809 590 verisimile
837 555 916 599 est,
937 547 1099 601 quibus
1129 546 1312 589 ecclesia
1342 545 1419 587 illa
1447 543 1783 599 appropriatur3
1820 549 1866 585 et
1887 542 2026 584 eciam

223 631 261 672 si
295 637 440 673 rector
468 630 583 671 bene
618 629 663 670 in
698 642 802 671 cura
831 642 913 670 sua
943 628 1162 678 resideret,
1191 634 1236 669 et
1270 627 1388 670 bona
1418 613 1592 667 terrena
1628 638 1802 679 magnae
1833 623 2028 665 ecclesiae

223 718 344 753 recte
373 712 659 765 expenderet,
680 717 786 753 tunc
814 709 983 764 majora
1012 710 1130 750 bona
1160 715 1206 750 et
1235 707 1361 762 plura
1390 707 1546 749 fierent
1573 707 1618 747 in
1649 705 1770 747 mille
1795 705 2029 746 animabus

225 805 405 833 suorum
452 790 814 845 parochianorum
862 803 941 843 per
991 789 1190 838 verbum,
1239 788 1510 842 exemplum,
1557 794 1602 828 et
1655 800 1734 841 per
1784 785 2029 827 subsidium

225 873 378 921 curati,
406 885 540 926 quam
573 871 806 913 verisimile
839 877 907 912 est
934 872 1055 924 quod
1082 870 1194 914 fiunt
1227 869 1297 911 vel
1326 869 1434 911 fient
1466 869 1510 910 in
1538 868 1635 919 illis,
1657 867 1816 922 quibus
1846 867 2030 908 ecclesia

224 959 296 995 est
329 951 638 1007 appropriata?
698 952 827 1001 Item,
857 951 966 993 talia
996 950 1090 992 fieri
1120 951 1233 992 inter
1261 949 1552 1004 parochianos
1587 955 1654 990 est
1688 962 1799 1003 opus
1829 947 2030 989 debitum

227 1039 272 1075 et
303 1033 366 1075 eis
394 1033 512 1082 utile,
539 1033 643 1087 quia
671 1046 760 1074 non
790 1032 933 1074 solum
964 1031 1014 1074 fit
1044 1039 1150 1077 tunc
1178 1031 1346 1072 bonum
1376 1044 1456 1084 pro
1487 1031 1561 1080 eis,
1591 1030 1669 1071 sed
1700 1030 1776 1081 eis,
1807 1035 1852 1070 et
1882 1041 2031 1069 coram

225 1113 303 1162 eis,
344 1127 423 1167 per
465 1120 664 1155 curatum
714 1126 856 1163 suum,
895 1126 975 1166 per
1013 1125 1145 1166 quem
1186 1111 1488 1153 accenduntur
1526 1110 1584 1153 ad
1624 1110 1790 1152 bonum
1831 1108 2031 1153 fiundum

227 1193 362 1235 verbo
395 1201 442 1236 et
473 1193 695 1248 exemplo.
756 1194 883 1242 Item,
916 1192 1170 1247 parochiani
1201 1193 1310 1233 dant
1340 1192 1534 1233 decimas
1565 1205 1667 1232 suas
1697 1197 1742 1232 et
1772 1190 2032 1239 oblationes,

229 1280 279 1318 ut
318 1273 437 1315 bona
475 1287 611 1328 opera
650 1274 894 1328 spiritualia
933 1279 979 1314 et
1019 1272 1263 1314 necessaria
1304 1286 1454 1313 eorum
1495 1272 1625 1314 saluti
1667 1271 1833 1321 fierent,
1873 1271 1951 1317 eis,
1987 1276 2033 1311 et

229 1366 308 1407 pro
344 1354 418 1404 eis,
452 1367 531 1407 per
564 1361 776 1404 curatum,
810 1354 885 1407 qui
927 1367 1002 1394 eas
1042 1353 1208 1406 recipit,
1243 1359 1288 1394 et
1328 1353 1391 1394 sic
1426 1353 1565 1394 curati
1605 1352 1772 1394 habent
1808 1351 1921 1393 tales
1957 1351 2033 1392 de-

229 1434 367 1475 cimas
406 1448 464 1475 ex
502 1434 655 1476 debito
695 1434 806 1488 legis
846 1440 892 1475 et
932 1448 990 1475 ex
1032 1434 1283 1475 intencione
1319 1433 1418 1482 Dei,
1452 1433 1526 1487 qui
1566 1447 1640 1474 eas
1680 1447 1760 1487 pro
1795 1432 1874 1473 tali
1914 1431 2033 1473 facto

230 1513 325 1559 dari
371 1514 582 1568 praecipit.
661 1514 755 1555 Alii
802 1521 963 1564 autem,
1011 1514 1168 1567 quibus
1215 1513 1401 1555 decimae
1453 1513 1647 1555 ecclesiae
1696 1513 2035 1567 appropriantur

231 1599 360 1635 extra
406 1593 673 1648 parochiam,
713 1594 883 1636 habent
931 1594 1029 1635 illas
1076 1594 1270 1638 decimas
1314 1607 1373 1634 ex
1416 1594 1597 1635 licencia
1639 1607 1779 1647 papae,
1819 1600 2033 1647 tanquam

232 1687 446 1727 pauperes
490 1673 780 1716 elemosinarii
824 1674 998 1716 illorum
1046 1673 1423 1727 parochianorum.
1504 1673 1595 1716 Sed
1642 1674 1803 1724 videte,
1844 1688 1899 1715 ne
1938 1673 2034 1715 haec

232 1753 412 1797 licencia
444 1760 590 1795 vestra
625 1755 940 1797 offendiculum
976 1761 1020 1795 et
1055 1760 1368 1795 nocumentum
1400 1754 1478 1795 fiat
1513 1754 1695 1795 infirmis
1727 1755 1958 1796 animabus
1988 1762 2034 1796 et

233 1833 519 1887 parochianis.
579 1834 620 1877 O
663 1835 858 1880 Domine
900 1835 1046 1875 Deus!
1094 1834 1255 1875 inclina
1294 1847 1369 1875 cor
1408 1848 1549 1888 papae,
1589 1835 1736 1876 vicarii
1776 1836 1852 1884 tui,
1894 1849 2034 1877 reme-

234 1912 355 1954 diare
393 1913 511 1956 mala
544 1928 644 1969 quae
682 1915 942 1970 perveniunt
981 1928 1060 1969 per
1098 1914 1505 1968 appropriacionem
1542 1915 1836 1967 ecclesiarum,
1871 1923 1917 1957 et
1957 1930 2036 1970 per

236 2005 326 2034 non
365 1994 650 2036 residenciam
689 1996 906 2039 bonorum
946 2001 1196 2037 curatorum
1237 1995 1281 2035 in
1322 1995 1502 2037 eisdem.
1575 1996 1678 2049 Jam
1719 1997 1836 2037 enim
1877 2010 2036 2051 appro-

236 2072 423 2126 pinquat
442 2080 617 2128 tempus
638 2075 682 2116 in
702 2074 870 2130 Anglia
890 2089 979 2130 quo
999 2075 1181 2125 dicetur,
1201 2077 1210 2094 ‘
1226 2074 1346 2117 Olim
1366 2075 1542 2118 fuerunt
1569 2084 1760 2119 rectores
1788 2077 1832 2118 in
1853 2076 2034 2130 Angfia,

238 2159 285 2199 et
315 2151 410 2205 jam
445 2160 547 2195 sunt
581 2155 775 2197 ecclesiae
811 2156 1009 2206 ruinosae,
1042 2155 1160 2196 unde
1189 2155 1268 2196 viri
1304 2155 1486 2198 litterati
1516 2171 1605 2198 non
1635 2163 1820 2211 possunt
1850 2157 2035 2198 honeste

239 2232 386 2273 vivere
413 2239 458 2274 et
478 2233 587 2278 alios
608 2235 843 2282 exhibere?
902 2235 943 2278 O
967 2236 1114 2277 Deus!
1146 2236 1330 2277 benedic
1350 2237 1579 2278 dominum
1601 2237 1823 2278 Thomam
1847 2236 2036 2290 Cumyr—

239 2312 392 2363 wurth,
423 2313 608 2355 militem
639 2315 956 2358 Lincolniensis
985 2316 1222 2366 dioceseos,
1253 2317 1340 2369 qui,
1370 2331 1450 2370 pro
1478 2331 1628 2359 amore
1657 2325 1734 2358 tuo
1772 2324 1816 2358 et
1848 2317 2037 2358 utilitate

240 2393 495 2440 animarum,
533 2393 657 2436 dedit
695 2402 833 2438 terras
877 2403 922 2438 et
963 2403 1217 2438 tenementa
1252 2396 1434 2438 diversis
1477 2398 1672 2441 ecclesiis
1706 2396 2038 2450 parochialibus,

241 2486 342 2526 quae
381 2472 688 2518 insufficientes
725 2476 901 2518 fuerunt
940 2478 998 2518 ad
1039 2476 1281 2518 necessaria
1322 2478 1471 2529 curati,
1510 2484 1560 2519 ut
1599 2477 1735 2519 curati
1780 2478 1823 2517 in
1871 2476 2037 2517 eisdem

238 2551 333 2606 jam
371 2552 517 2594 vivere
556 2561 858 2607 competenter
900 2563 1094 2611 possent.
1160 2556 1201 2598 O
1243 2570 1379 2610 quam
1421 2559 1625 2600 meritum
1666 2570 1794 2611 papae
1834 2564 1962 2607 esset,
2002 2558 2038 2597 si

243 2630 464 2685 superflua
494 2631 683 2686 plurium
713 2634 909 2678 locorum
945 2644 991 2679 et
1026 2638 1302 2678 mitratorum
1332 2637 1494 2679 faceret
1531 2639 1642 2679 uniri
1672 2636 1910 2678 rectoribus
1945 2637 2038 2678 ani-

244 2725 416 2753 marum
450 2711 633 2762 devotis,
666 2720 712 2755 et
747 2729 823 2757 eos
855 2717 1073 2771 obligaret
1104 2718 1162 2758 ad
1200 2717 1394 2758 debitam
1431 2725 1475 2759 et
1516 2719 1573 2760 ad
1614 2717 1901 2758 necessariam
1937 2717 2039 2758 resi-

243 2792 446 2833 denciam
486 2792 530 2832 in
570 2806 672 2834 cura
710 2807 800 2846 sua,
833 2797 916 2838 sub
957 2811 1118 2851 magna
1158 2802 1314 2851 poena!
1376 2798 1619 2839 ‘Dominus
1660 2798 1776 2838 enim
1816 2797 2040 2839 transtulit

245 2885 427 2925 regnum
463 2873 518 2918 de
559 2871 716 2923 manu,’
749 2874 775 2914 i.
791 2889 826 2916 e.
864 2876 920 2917 de
960 2878 1238 2931 proprietate,
1278 2877 1459 2928 ‘Saulis,
1495 2885 1538 2919 et
1574 2878 1696 2918 dedit
1733 2876 1853 2918 illum
1893 2877 2038 2918 David
