2456 3210
493 235 544 273 16
990 237 1123 273 LOCI
1155 236 1196 271 E
1233 236 1399 271 LIBRO
1446 234 1788 274 VERJTATUM.

490 394 702 434 magnum
748 386 793 421 et
843 393 922 434 per
962 380 1129 421 Turcos
1175 379 1250 434 qui
1291 379 1485 420 vicerunt
1532 378 1756 421 civitatem
1803 378 1925 420 illam
1970 385 2015 421 et
2064 378 2292 431 Graeciam,

488 443 695 502 vocantes
739 461 907 514 seipsos
952 460 1117 501 ultores
1162 460 1385 514 sanguinis
1431 458 1615 512 Trojani
1660 465 1706 500 et
1746 459 1945 501 inimicos
1981 459 2063 501 Xti
2109 466 2155 501 et
2195 473 2292 514 per-

487 547 710 582 secutores
743 539 1104 582 Christianorum.
1685 528 1687 530 ¹

605 627 649 670 [p.
668 626 760 669 320]
791 621 896 662 Non
911 620 1040 662 video
1061 620 1179 674 quod
1202 634 1317 674 papa
1340 619 1507 660 exemit
1528 619 1758 673 episcopos
1777 619 1835 660 ab
1861 632 1992 661 onere
2012 619 2292 674 praedicandi,

489 714 569 743 nec
595 701 714 754 quod
742 701 804 742 sic
831 701 977 755 potuit
1003 700 1242 749 licenciare,
1263 699 1345 741 vei'
1360 713 1435 740 eos
1464 700 1669 753 excipere
1689 699 1759 751 vel
1785 700 2035 742 disonerare
2062 700 2292 754 episcopos

488 781 546 822 ab
576 787 677 822 actu
708 781 895 835 publicae
922 780 1250 834 praedicacionis
1280 780 1455 834 populis
1482 794 1660 832 eorum3
1702 780 2000 834 obligaciones
2030 781 2149 822 enim
2179 780 2293 835 epis-

489 874 698 914 coporum
738 861 797 902 ad
837 860 1167 915 praedicandum
1207 860 1371 916 populo
1411 874 1491 902 suo
1537 860 1584 902 in
1622 860 1835 912 scriptura
1875 874 1997 902 sacra
2036 861 2125 915 legi
2159 860 2293 915 juxta

489 940 598 982 illud
630 947 903 994 praeceptum
932 940 1058 982 nobis
1086 941 1324 995 praedicare
1349 941 1514 995 populo
1541 947 1586 982 et
1613 940 1859 992 testificare,
1880 941 1958 982 sed
1986 954 2074 982 non
2100 941 2202 994 lego
2232 940 2292 981 ibi

488 1021 844 1062 disoneraciones
875 1034 1027 1062 eorum
1058 1021 1115 1062 ab
1140 1020 1215 1062 illo
1244 1027 1347 1063 actu
1378 1021 1645 1075 praedicandi
1676 1034 1755 1062 nec
1787 1034 1937 1062 eorum
1967 1021 2024 1062 ab
2056 1020 2131 1062 illo
2162 1034 2293 1062 onere

487 1101 819 1154 adquietancias
841 1114 989 1142 coram
1012 1101 1124 1152 Deo,
1150 1108 1199 1143 ut
1221 1101 1326 1142 mihi
1347 1101 1520 1143 videtur
1540 1100 1727 1142 Thomae
1750 1100 1998 1155 Gascoigne
2021 1100 2292 1143 Cancellario

488 1181 621 1222 studii
654 1181 948 1223 universitatis
981 1181 1186 1223 Oxoniae.

606 1265 685 1308 [ib.]
746 1261 934 1302 Noviter
977 1261 1157 1302 intravit
1205 1261 1250 1301 in
1298 1260 1514 1315 Angliam
1565 1261 1819 1315 exemplum
1867 1274 2077 1315 magnum
2121 1261 2293 1315 peccati

486 1341 666 1395 quando
690 1340 806 1395 papa
833 1340 1038 1383 Calixtus
1063 1342 1223 1383 tercius
1251 1341 1508 1393 licenciavit,
1530 1342 1811 1396 dispensavit,
1832 1355 1907 1383 seu
1936 1341 2164 1395 dissipavit
2191 1355 2292 1384 cum

490 1435 577 1462 uno
623 1421 783 1475 juvene
832 1422 1062 1463 sacerdote
1113 1421 1324 1476 magistro
1373 1422 1540 1464 arcium
1591 1421 1781 1475 Georgio
1830 1421 1984 1472 Nevel,
2025 1422 2143 1475 quod
2187 1422 2293 1476 ipse,

488 1501 685 1542 existens
717 1501 871 1555 viginti
913 1502 1047 1542 trium
1081 1515 1297 1543 annorum
1329 1502 1400 1543 vel
1441 1502 1619 1550 circiter,
1652 1502 1835 1543 haberet
1867 1515 2022 1542 omnes
2053 1507 2292 1556 proventus

487 1587 536 1623 et
570 1580 765 1622 redditus
802 1581 1080 1636 episcopatus
1112 1581 1394 1633 Exoniensis,
1430 1589 1474 1624 et
1510 1582 1630 1636 quod
1663 1582 1811 1623 omnia
1845 1581 2056 1622 beneficia
2092 1595 2171 1623 sua
2206 1581 2293 1623 alia

489 1661 707 1712 retineret,
741 1674 840 1714 quae
875 1661 1031 1702 habuit
1065 1667 1170 1703 ante
1206 1661 1327 1703 illam
1368 1661 1596 1704 licenciam
1630 1661 1846 1716 papalem,
1881 1661 1943 1702 ita
1981 1667 2131 1703 tamen
2170 1662 2291 1715 quod

489 1741 584 1796 ipse
623 1746 730 1782 tunc
768 1754 983 1782 annorum
1024 1752 1078 1796 23
1115 1755 1204 1782 non
1242 1748 1357 1783 esset
1393 1749 1670 1784 consecratus
1705 1742 1749 1782 in
1779 1742 2032 1795 episcopum
2064 1741 2292 1783 Exonien-

489 1834 583 1863 sem
610 1834 838 1875 quousque
863 1821 1098 1874 attingeret
1118 1821 1243 1875 xxvij
1267 1822 1411 1864 aetatis
1433 1836 1526 1864 suae
1545 1835 1723 1873 annum,
1744 1828 1789 1863 et
1813 1822 1874 1863 sic
1900 1835 2017 1875 papa
2043 1820 2293 1864 habilitavit

490 1915 591 1942 eum
623 1907 672 1942 ut
700 1906 928 1942 vocaretur
958 1899 1122 1943 electus
1153 1907 1198 1942 et
1229 1901 1512 1944 confirmatus
1544 1901 1810 1943 Exoniensis
1834 1901 2075 1954 episcopus,
2097 1908 2142 1943 et
2171 1902 2292 1955 quod

491 1981 703 2035 reciperet
731 1994 811 2034 per
834 1986 977 2021 certos
1007 1994 1146 2021 annos
1176 1995 1329 2023 omnes
1359 1988 1598 2036 proventus
1628 1981 1744 2022 illius
1775 1980 2063 2035 episcopatus,
2093 1982 2171 2023 sed
2202 1995 2292 2023 non

491 2061 612 2116 quod
641 2066 966 2102 consecraretur
986 2060 1031 2101 in
1051 2061 1307 2114 episcopum
1336 2062 1452 2103 illius
1479 2061 1668 2104 civitatis
1691 2061 1957 2102 Exoniensis
1976 2075 2055 2115 per
2074 2075 2214 2103 annos
2234 2075 2292 2114 4;

490 2147 536 2183 et
576 2141 675 2182 ideo
714 2154 816 2181 vere
856 2140 977 2194 quod
1015 2140 1106 2181 tale
1145 2154 1363 2182 venenum
1412 2142 1590 2184 intravit
1631 2147 1736 2183 tunc
1778 2141 1821 2181 in
1862 2140 2091 2182 ecclesiam
2130 2141 2292 2196 Angli-

491 2234 647 2263 canam
668 2227 712 2262 et
733 2225 827 2262 tam
853 2233 1044 2273 nequam
1072 2222 1257 2274 posteris
1286 2222 1556 2275 exemplum.
1618 2221 1698 2262 Ille
1723 2220 1839 2262 enim
1861 2220 2034 2274 juvenis
2066 2221 2293 2276 Georgius,

492 2301 606 2342 filius
662 2300 840 2342 Ricardi
890 2300 1063 2341 comitis
1114 2299 1287 2352 Sarum,
1337 2301 1418 2343 fuit
1468 2301 1721 2343 licenciatus
1772 2300 1930 2342 Romae
1980 2301 2038 2342 ad
2083 2302 2291 2356 pecunias

493 2382 773 2436 episcopatus
818 2379 1084 2421 Exoniensis
1130 2381 1411 2434 colligendas,
1450 2381 1530 2423 sed
1571 2393 1659 2422 non
1699 2380 1756 2421 ad
1800 2380 1969 2422 animas
2015 2380 2129 2423 illius
2177 2382 2290 2436 epis-

492 2467 676 2515 copatus
708 2460 806 2502 Deo
838 2459 1118 2514 colligendas,
1148 2461 1250 2514 quia
1284 2474 1402 2515 papa
1431 2459 1678 2502 habilitavit
1710 2473 1810 2501 eum
1840 2474 1919 2501 sua
1959 2461 2292 2515 dispensacione

493 2555 568 2582 seu
617 2541 798 2584 licencia
844 2546 892 2582 ut
941 2539 1105 2582 fructus
1152 2554 1306 2582 omnes
1353 2540 1466 2582 illius
1507 2540 1784 2595 episcopatus
1825 2541 2046 2594 reciperet,
2081 2542 2161 2583 sed
2201 2555 2290 2583 non

493 2622 611 2674 quod
647 2622 878 2675 episcopus
911 2620 1035 2662 fieret
1066 2634 1293 2675 quousque
1326 2621 1419 2674 ipse
1450 2627 1554 2662 tunc
1590 2631 1642 2674 23
1674 2634 1889 2661 annorum
1920 2621 1963 2661 in
1994 2626 2126 2664 aetate
2156 2622 2289 2664 attin-

491 2707 614 2753 geret
649 2710 701 2754 27
734 2714 912 2752 annum,
945 2706 990 2742 et
1025 2700 1085 2741 sic
1121 2700 1195 2741 alii
1236 2700 1405 2742 discent
1446 2713 1580 2753 opera
1621 2713 1697 2741 seu
1740 2700 1947 2755 exempla
1983 2700 2101 2751 talia,
2130 2707 2174 2743 et
2214 2701 2291 2743 fiet

492 2779 575 2820 hoc
607 2781 860 2835 exemplum
894 2780 1079 2835 posteris
1111 2780 1155 2821 in
1185 2779 1453 2830 scandalum,
1476 2780 1539 2821 i.e.
1563 2779 1605 2820 in
1635 2779 1802 2821 ruinam
1834 2794 1908 2822 seu
1941 2780 1984 2821 in
2016 2780 2290 2823 occasionem
