2456 3210
577 254 711 290 LOCI
745 254 783 289 E
821 254 988 290 LIBRO
1035 255 1238 290 VERITA
1247 256 1381 291 TUM.
1808 265 1824 291 1
1835 264 1886 306 13

74 396 286 451 eorporis.
359 396 407 438 A
436 396 601 438 talibus
633 397 802 438 auferet
833 397 1054 438 Dominus
1086 396 1206 438 bona
1241 396 1401 450 quibus
1437 396 1693 447 abutuntur,
1724 402 1771 438 et
1809 412 1887 452 pe—

73 477 250 520 auriam
276 491 419 520 rerum
450 478 514 520 eis
541 478 679 529 dabit,
699 483 749 520 ut
778 482 967 520 testatur
996 491 1076 532 per
1100 476 1219 519 Osee
1251 477 1543 532 prophetam:
1588 491 1656 519 vae
1691 477 1884 521 talibus!

71 556 156 612 qui
192 558 364 600 animas
403 559 595 613 perdunt
632 572 714 613 per
747 559 1064 601 retraccionem
1094 559 1312 600 bonorum
1351 565 1580 613 pastorum
1616 559 1692 613 qui
1731 559 1886 614 vigila-

73 643 178 680 rent
204 638 486 681 attendent&
518 639 642 694 gregi
671 653 763 690 suo,
793 645 1009 693 quantum
1038 639 1085 681 in
1111 639 1184 681 via
1216 638 1399 680 Domini
1430 639 1666 693 proficiunt
1693 639 1764 681 vel
1795 653 1884 681 non

70 717 322 773 proficiunt.
380 718 473 762 Sed
501 733 581 774 per
613 720 802 774 abrupta
828 719 1040 761 viciorum
1074 726 1272 774 pereunt,
1303 725 1350 761 et
1377 733 1406 760 a
1436 719 1602 761 talibus
1630 720 1882 774 pastoribus

75 797 195 840 bona
225 799 465 848 retrahunt,
496 801 615 842 unde
642 800 850 851 viverent,
870 806 917 843 et
951 801 1070 842 unde
1097 801 1217 842 bona
1247 801 1492 855 spiritualia
1524 800 1882 855 multiplicarent.

78 877 215 921 Tales
255 881 587 936 approprictarii
627 881 922 933 ecclesiarum,
963 889 1011 924 et
1056 882 1196 923 eciam
1237 887 1428 924 rectores
1467 881 1627 923 talium
1666 882 1883 923 bonorum

75 959 312 1003 abusor-um
346 961 423 1003 illa
450 975 551 1017 quae
579 969 878 1017 susceperunt,
903 969 952 1004 ut
981 963 1027 1004 in
1055 963 1142 1004 Dei
1171 962 1338 1005 cultum
1367 968 1600 1012 verterent,
1629 969 1806 1004 vertunt
1838 963 1884 1004 in

76 1041 228 1094 ydola,
262 1043 290 1084 i.
305 1056 342 1084 e.
372 1043 418 1084 in
448 1043 614 1085 malum
646 1043 826 1093 cultum,
863 1050 910 1085 et
942 1043 986 1084 in
1021 1050 1310 1098 augmentum
1349 1050 1396 1086 et
1435 1044 1755 1085 nutrimentum
1790 1056 1884 1084 suae

73 1120 317 1176 voluptatis
344 1129 392 1165 et
424 1124 578 1167 caduci
610 1124 804 1166 honoris.
865 1126 875 1143 ‘
889 1122 1048 1175 Tales,’
1078 1123 1223 1178 inquit
1245 1123 1437 1166 Sanctus
1466 1123 1719 1177 Jeronimus
1750 1137 1884 1178 super

79 1199 199 1243 Osee
227 1203 503 1258 prophetam,
528 1207 636 1260 ‘per
664 1205 784 1247 bona
813 1205 1077 1259 temporalia
1107 1211 1312 1260 quaerunt
1346 1219 1449 1247 suas
1481 1205 1662 1247 delicias
1689 1205 1882 1254 enutriri,

77 1287 125 1323 et
151 1282 326 1336 talibus,
346 1285 433 1328 Dei
461 1287 751 1341 providencia,
773 1287 980 1328 accidunt
1009 1285 1138 1337 mala,
1161 1299 1217 1327 ne
1245 1286 1440 1327 habeant
1470 1299 1523 1327 ea
1551 1299 1653 1340 quae
1684 1286 1880 1339 cupiunt,

73 1368 124 1404 et
159 1364 290 1406 variIs
326 1365 457 1420 hujus
502 1367 651 1409 saeculi
693 1367 878 1408 miseriis
918 1366 978 1407 ad
1018 1366 1105 1408 Dei
1149 1367 1405 1408 servitutem
1451 1366 1592 1408 redire
1633 1363 1880 1420 coguntur.’

78 1441 374 1498 Experiencia
406 1447 524 1489 enim
557 1449 690 1490 docet
725 1462 825 1503 quae
862 1447 980 1488 mala
1014 1452 1061 1488 et
1089 1453 1200 1501 quot
1231 1447 1350 1488 mala
1382 1453 1591 1488 secuntur
1624 1460 1684 1488 ex
1718 1459 1880 1500 appro-

75 1523 297 1577 priacione
331 1526 624 1580 ecclesiarum,
654 1529 733 1570 sed
768 1527 872 1581 quia
906 1526 1108 1568 homines
1137 1527 1232 1580 jam
1268 1540 1358 1568 non
1391 1527 1594 1568 senciunt
1626 1527 1747 1568 bona
1775 1539 1878 1580 quae

74 1605 358 1659 ‘pervevirenc
396 1614 443 1650 et
481 1609 707 1663 quondam
746 1615 1039 1662 pervenerunt
1078 1621 1159 1662 per
1196 1608 1485 1662 praesenciam
1523 1608 1630 1649 boni
1673 1607 1877 1661 pastoris,

75 1682 178 1726 ideo
211 1685 307 1740 jam
346 1701 435 1730 non
474 1695 630 1731 curant
668 1695 815 1731 utrum
854 1689 1190 1743 approprientur
1228 1703 1287 1730 an
1324 1703 1426 1740 non,
1460 1689 1566 1743 quia
1603 1690 1778 1730 videtur
1817 1689 1880 1729 eis

75 1765 198 1818 quod
235 1767 402 1810 malum
436 1769 727 1812 intollerabile
760 1770 958 1824 sequitur
992 1783 1052 1810 ex
1085 1769 1267 1810 rectoris
1300 1770 1518 1821 absencia,
1552 1769 1666 1811 sicut
1702 1783 1760 1810 ex
1802 1782 1880 1822 ap-

74 1846 380 1899 propriacione
404 1851 606 1904 pessima,
637 1857 932 1906 praeterquam
958 1850 1079 1903 quod
1105 1863 1241 1891 unum
1267 1850 1433 1891 malum
1461 1851 1591 1891 durat
1616 1850 1673 1891 ad
1700 1856 1878 1903 tempus

76 1930 124 1966 et
151 1925 272 1968 aliud
301 1929 467 1971 malum
489 1938 558 1973 est
583 1937 847 1986 perpetuum
868 1936 914 1971 et
943 1930 988 1971 in
1009 1929 1153 1983 majus
1183 1936 1230 1972 et
1259 1930 1404 1983 majus
1436 1930 1602 1971 malum
1631 1943 1875 1983 emergens.

79 2003 185 2055 Sed,
209 2005 323 2050 forte
355 2010 476 2061 dicis,
504 2011 624 2066 quod
654 2011 988 2066 approprietarii
1018 2017 1146 2052 orant
1175 2025 1256 2065 pro
1286 2011 1562 2065 parochianis
1592 2010 1876 2052 ecclesiarum

75 2087 464 2142 approprietarum,
491 2097 537 2133 et
564 2091 661 2143 hoc,
681 2098 731 2133 ut
762 2092 880 2142 dicit,
911 2091 1053 2145 magis
1081 2092 1262 2145 prodest
1291 2092 1343 2132 iis
1374 2105 1507 2145 quam
1538 2092 1665 2132 unius
1696 2091 1877 2131 rectoris

74 2166 234 2217 oracio,
267 2169 347 2210 sed
378 2170 608 2223 racionem,
642 2186 804 2227 quaeso,
837 2185 987 2226 pensa.
1048 2171 1210 2214 Melius
1245 2173 1363 2213 enim
1398 2179 1466 2213 est
1502 2171 1645 2221 michi,
1678 2177 1727 2211 ut
1756 2171 1875 2211 bona

77 2244 210 2287 michi
241 2246 386 2300 facias,
414 2263 549 2304 quam
576 2266 658 2307 pro
688 2266 786 2303 me;
822 2252 933 2294 sicut
964 2251 1121 2292 melius
1150 2257 1218 2293 est
1246 2251 1392 2303 michi,
1421 2259 1471 2294 ut
1501 2252 1633 2292 michi
1667 2250 1873 2291 esurienti

77 2326 225 2367 cibum
244 2327 424 2379 tribuas,
445 2344 579 2384 quam
598 2333 726 2375 alteri
748 2346 830 2388 pro
857 2346 940 2383 me,
959 2331 1031 2373 vel
1059 2345 1209 2373 amore
1233 2332 1334 2374 mei.
1376 2332 1594 2375 Sacerdos
1623 2338 1668 2373 et
1698 2336 1874 2372 curatus

76 2405 241 2448 faceret
263 2407 381 2450 bona
407 2409 531 2463 plura
556 2412 832 2466 parochianis
859 2419 906 2454 et
935 2425 1083 2454 coram
1108 2412 1396 2465 parochianis,
1417 2419 1467 2454 ut
1496 2413 1553 2453 ad
1583 2412 1749 2452 bonum
1780 2410 1874 2464 ejus

75 2486 212 2528 verbo
260 2493 308 2529 et
345 2491 553 2544 exemplo
600 2499 870 2541 moveantur,
912 2498 958 2534 et
998 2505 1086 2533 non
1126 2491 1271 2533 solum
1315 2492 1479 2534 faceret
1517 2492 1634 2532 bona
1674 2504 1754 2544 pro
1794 2490 1871 2531 eis.

78 2565 206 2618 Item,
234 2567 362 2621 plura
396 2568 513 2611 bona
546 2585 680 2626 opera
710 2572 954 2628 spiritualia
988 2579 1035 2614 et
1070 2572 1311 2626 corporalia
1344 2573 1449 2614 facit
1480 2578 1622 2613 rector
1655 2570 1799 2611 bonus
1829 2577 1875 2612 et

76 2651 251 2687 tenetur
277 2646 421 2690 facere
448 2649 732 2703 parochianis,
761 2660 808 2695 et
836 2667 917 2707 pro
946 2651 1232 2707 parochianis,
1263 2666 1449 2707 quorum
1480 2650 1649 2691 nullum
1679 2650 1742 2691 eis
1771 2649 1875 2692 facit

76 2727 371 2769 communitas
419 2729 578 2782 quibus
618 2731 802 2774 ecclesia
840 2739 909 2775 est
950 2732 1245 2787 appropriata,
1286 2746 1366 2774 nec
1407 2736 1582 2773 tenetur
1630 2729 1783 2782 facere,
1824 2737 1874 2772 ut

76 2808 240 2858 dicunt,
280 2821 362 2850 nec
401 2809 518 2850 enim
558 2811 810 2863 praedieant,
851 2827 932 2855 nec
971 2827 1047 2854 eos
1086 2812 1336 2861 informant,
1377 2825 1457 2852 nec
1503 2810 1787 2852 elemosinam
1828 2817 1873 2853 et

958 2891 990 2930 Q
