2456 3210
432 252 514 293 218
935 260 1067 296 LOCI
1100 261 1140 295 E
1178 260 1343 295 LIBRO
1391 261 1736 298 VERJTATUM.

432 403 686 458 Quadrivio,
727 418 843 446 anno
880 404 1063 446 Domini
1099 409 1163 445 m⁰
1203 407 1350 446 ccccm⁰
1390 404 1754 459 quinquagesimo
1795 406 1994 462 septimo,
2030 405 2118 459 xvij
2162 405 2235 446 die

433 486 597 533 mensis
619 486 891 535 Decembris,
914 486 959 526 in
980 486 1051 527 die
1073 485 1259 534 sabbati,
1282 485 1326 525 in
1351 485 1591 539 praesencia
1615 492 1720 527 tunc
1747 485 2006 528 Cancellarii
2032 485 2235 536 Oxoniae‚

430 566 622 607 doctoris
647 565 835 607 Thomae
862 565 1150 617 Chaundeler,
1171 571 1276 607 tunc
1305 565 1444 607 eciam
1469 566 1663 608 custodis
1695 566 1812 607 Novi
1844 565 2032 620 Collegii
2062 565 2235 606 Winto-

432 646 594 688 niensis
630 647 674 687 in
712 646 916 698 Oxonia3
957 646 1104 700 plures
1139 646 1256 688 enim
1291 645 1481 687 haereses
1516 652 1562 688 et
1597 660 1762 688 errores
1793 647 1940 700 posuit
1970 647 2053 688 iste
2088 645 2235 688 Pacok

431 726 663 780 episcopus
705 726 749 768 in
789 727 878 768 suis
918 727 1039 768 libris
1078 727 1265 782 propriis
1303 726 1577 780 Anglicanis,
1620 732 1806 780 quarum
1853 726 2015 781 aliquae
2062 739 2236 780 magnae

430 805 620 847 haereses
652 812 803 847 contra
832 805 1070 848 cimbolum
1106 818 1155 848 12
1184 805 1487 860 apostolorum
1511 811 1668 860 patent
1699 807 1743 847 in
1768 812 1871 848 actu
1902 820 1993 848 suae
2022 805 2236 860 abjuraci-

430 887 538 936 onis,
571 900 704 940 quam
736 887 830 941 ipse
860 887 1008 929 Pacok
1039 888 1270 941 episcopus
1301 886 1478 941 legebat
1507 888 1551 928 in
1582 887 1754 941 scriptis
1784 887 1841 929 ad
1872 901 2045 930 crucem
2082 886 2236 929 Sancti

434 966 568 1018 Pauli,
599 981 715 1008 anno
753 967 935 1009 Domini
971 968 1195 1022 praedicto,
1234 968 1412 1021 quando
1448 966 1547 1008 libri
1582 966 1678 1020 ejus
1713 967 1889 1010 fuerunt
1922 968 1983 1010 ibi
2017 967 2237 1010 combusti

432 1061 580 1089 coram
613 1063 681 1090 xx
717 1048 895 1090 milibus
925 1048 1155 1090 hominum
1191 1055 1236 1090 et
1271 1048 1399 1090 ultra.
1461 1048 1560 1090 Lex
1595 1047 1776 1102 Angliae
1813 1056 1879 1091 est
1913 1050 2033 1103 quod
2070 1048 2237 1091 domini

434 1129 725 1183 parliamenti,
757 1130 951 1172 accusati
982 1131 1038 1172 de
1069 1144 1231 1184 magno
1262 1130 1455 1181 crimine,
1484 1143 1563 1184 per
1591 1130 1826 1171 duodecim
1857 1144 1985 1184 pares
2020 1143 2124 1171 suos
2158 1130 2237 1171 do-

433 1211 574 1251 minos
598 1211 796 1261 barones,
824 1211 989 1253 debent
1019 1224 1100 1265 pro
1130 1217 1336 1252 accusato
1368 1225 1394 1252 a
1424 1211 1604 1252 crimine
1634 1212 1673 1252 ei
1704 1211 1911 1265 imposito
1943 1212 2141 1253 excusari
2167 1209 2237 1252 vel
2262 1242 2269 1248 .

432 1291 477 1331 in
498 1291 678 1332 crimine
699 1292 781 1332 sibi
802 1292 1011 1346 imposito
1033 1291 1223 1333 finaliter
1246 1305 1326 1345 pro
1353 1305 1427 1333 reo
1456 1292 1757 1346 pronunciari;
1789 1292 1868 1333 sed
1896 1292 1980 1333 iste
2007 1291 2238 1346 episcopus

435 1371 593 1423 Pacok,
621 1371 832 1413 Wallicus
862 1372 1103 1423 nativitate,
1128 1373 1349 1414 accusavit
1379 1378 1555 1414 sanctos
1585 1372 1789 1426 antiquos
1819 1372 2023 1414 doctores
2054 1385 2238 1426 magnos

434 1453 490 1493 de
517 1452 720 1503 falsitate,
747 1467 823 1494 seu
854 1453 1166 1495 insufficiencia
1195 1453 1458 1507 scriptorum
1485 1454 1727 1495 eorundem
1758 1453 2012 1504 doctorum3
2049 1453 2127 1495 sed
2157 1466 2238 1494 nec

435 1533 497 1574 eis
522 1534 566 1574 in
591 1540 745 1575 sancta
770 1535 862 1575 vita
892 1547 970 1576 nec
1000 1535 1044 1574 in
1069 1547 1220 1575 eorum
1253 1547 1415 1587 magna
1446 1534 1634 1576 sciencia
1661 1540 1706 1576 et
1735 1547 1884 1575 eorum
1913 1533 2132 1576 miraculis
2158 1534 2238 1576 fuit

435 1614 530 1667 ipse
560 1613 706 1654 Pacok
738 1614 949 1666 probatus
978 1615 1041 1655 eis
1072 1614 1276 1668 aequali33
1309 1614 1421 1666 ideo,
1446 1628 1522 1656 eos
1549 1614 1798 1668 reprobans,
1828 1614 2055 1667 sagittavit
2085 1620 2238 1656 contra

436 1693 574 1735 solem
616 1702 660 1736 et
699 1696 861 1747 sagitta
901 1709 980 1736 sua
1021 1697 1207 1749 propria,
1238 1695 1359 1749 justo
1393 1696 1476 1737 Dei
1512 1695 1691 1749 judicio,
1722 1695 1888 1737 excidit
1929 1709 2058 1749 super
2093 1695 2237 1749 capud

436 1776 662 1829 proprium
694 1776 829 1828 ipsius
865 1777 1057 1830 episcopi
1091 1776 1375 1818 Cicestrensis
1406 1776 1643 1830 Reginaldi
1674 1776 1834 1818 Pacok.

554 1863 599 1906 [p.
621 1862 714 1907 599]
773 1862 888 1898 Rex.
950 1856 1247 1899 Consimiliter
1277 1858 1445 1899 domini
1475 1859 1637 1899 austeri
1665 1863 1710 1898 et
1741 1857 1880 1911 rigidi,
1905 1862 1950 1898 et
1980 1856 2055 1910 qui
2085 1856 2239 1910 dedig-

438 1943 597 1979 nantur
627 1938 778 1980 audire
814 1952 1057 1993 pauperum
1088 1952 1253 1987 causas,
1276 1947 1378 1981 sunt
1407 1953 1537 1981 causa
1568 1951 1702 1992 quare
1732 1951 1818 1979 non
1847 1943 2090 1991 agnoscunt
2121 1936 2238 1978 mala

439 2026 483 2061 et
508 2019 684 2073 injurias
711 2016 796 2076 [et]
829 2020 1127 2071 subditorum3
1159 2027 1204 2062 et
1235 2021 1374 2062 eciam
1404 2020 1569 2061 subditi
1598 2019 1750 2060 vident
1780 2018 1900 2072 quod
1931 2018 2006 2059 alii
2036 2023 2238 2071 quaerunt

437 2100 680 2141 remedium
713 2113 740 2141 a
775 2100 1078 2153 superioribus,
1115 2106 1160 2141 et
1196 2114 1284 2141 non
1321 2100 1487 2142 habent
1522 2099 1776 2149 remedium,
1813 2104 1857 2139 et
1890 2098 1990 2139 ideo
2030 2097 2114 2151 ipsi
2149 2110 2237 2138 non

437 2187 640 2234 quaerunt
670 2181 912 2222 remedium
945 2181 1001 2221 ab
1038 2181 1110 2232 eis,
1142 2183 1245 2234 quia
1281 2194 1368 2222 non
1398 2181 1550 2222 vident
1589 2179 1708 2233 quod
1742 2184 2065 2232 consequentur
2098 2190 2239 2219 reme-

439 2261 574 2302 dium.
626 2260 761 2303 Unde
791 2260 952 2302 talibus
977 2262 1168 2302 dominis
1195 2262 1355 2304 terreni
1384 2261 1489 2303 dicit
1511 2259 1728 2301 Dominus
1750 2259 1885 2310 Deus,
1905 2258 2053 2300 Ysaiae
2082 2258 2236 2312 primo,

438 2343 447 2361 ‘
468 2341 640 2395 Pupillo
676 2355 763 2382 non
791 2341 991 2394 judicant
1024 2348 1067 2383 et
1104 2355 1236 2383 causa
1270 2342 1415 2383 viduae
1451 2353 1539 2381 non
1572 2340 1814 2393 ingreditur
1842 2340 1900 2381 ad
1931 2337 2032 2387 eos,'
2063 2339 2090 2379 i.
2107 2352 2143 2381 e.
2179 2338 2236 2380 ad

438 2435 589 2462 eorum
626 2422 846 2471 noticiam,
881 2421 983 2475 quia
1019 2422 1129 2463 tales
1165 2422 1336 2476 judices
1375 2426 1580 2463 secuntur
1615 2421 1925 2462 retribuciones
1965 2425 2010 2461 et
2048 2418 2237 2473 diligunt

440 2510 632 2562 munera,
664 2510 708 2545 et
742 2504 803 2545 sic
837 2516 925 2544 non
962 2502 1127 2544 faciunt
1159 2503 1327 2556 justum
1366 2502 1469 2556 quia
1505 2500 1675 2554 justum
1707 2507 1784 2550 est,
1820 2501 1898 2542 sed
1932 2501 2034 2554 quia
2069 2500 2237 2541 lucrum

438 2584 651 2637 recipiunt
680 2597 760 2637 pro
793 2582 909 2625 facto
941 2597 1020 2623 suo
1050 2582 1119 2623 vel
1151 2597 1230 2637 pro
1260 2583 1395 2625 verbo
1427 2595 1518 2623 suo.

554 2671 598 2714 [p.
625 2670 719 2712 600.]
777 2664 851 2707 Sic
887 2678 965 2706 rex
1009 2664 1228 2706 Henricus
1264 2664 1457 2718 Quintus
1496 2662 1725 2715 proposuit
1760 2662 1943 2704 firmiter
1982 2661 2238 2702 reformasse

439 2745 768 2787 universitatem
812 2744 1115 2787 Oxoniensem
1157 2751 1201 2787 et
1245 2757 1393 2786 eorum
1439 2749 1616 2793 statuta,
1657 2743 1776 2785 edita
1817 2757 1896 2797 per
1935 2741 2133 2796 juvenes,
2174 2740 2236 2782 ita
2282 2769 2283 2772 ,

441 2826 558 2878 quod
591 2833 792 2879 regentes
823 2839 1046 2879 nunquam
1071 2826 1398 2878 dispensassent
1425 2836 1523 2865 cum
1553 2823 1699 2877 aliquo
1729 2829 1896 2866 statuto
1924 2820 2235 2870 universitati53
