2456 3210
659 273 792 309 LOCI
825 272 864 308 E
902 271 1069 307 LIBRO
1117 269 1461 306 VERITATUM.
1934 275 1958 318 7

275 421 327 465 [p.
348 421 419 463 66.]
462 416 582 457 Nam
623 416 863 469 Pragenses
898 414 1076 456 heretici
1111 418 1157 455 et
1192 412 1378 454 Bohemi
1413 412 1605 464 heretici,
1636 413 1711 467 qui
1753 427 1960 468 magnam

158 501 330 551 partem
377 496 494 538 orbis
540 496 630 538 suis
677 495 893 537 erroribus
937 501 983 536 et
1033 494 1121 535 suis
1166 493 1294 535 bellis
1341 499 1624 535 vastaverunt
1672 494 1716 534 in
1761 500 1962 548 tempore

160 576 293 630 Papae
325 576 505 618 Martini
538 576 690 631 quinti,
717 591 776 618 ex
806 575 891 617 hoc
925 575 1144 630 praecipue
1174 574 1220 614 in
1252 587 1417 615 errores
1450 579 1675 623 venerunt,
1708 575 1827 628 quod
1860 589 1962 617 cura

158 656 403 698 animarum
436 657 550 698 inter
579 671 654 698 eos
689 656 849 698 defecit
884 670 963 711 per
994 655 1196 709 indignos
1232 654 1276 695 in
1313 653 1494 696 ecclesia
1529 660 1771 708 promotOS,
1806 661 1851 696 et
1885 670 1964 710 per

161 749 249 777 non
289 737 532 779 residentes
559 737 615 778 ‘in
657 737 771 779 curis
815 742 860 778 et
905 737 949 777 in
990 735 1153 785 officiis,
1189 740 1235 776 et
1274 748 1353 789 per
1386 735 1767 789 appropriaciones
1803 743 1847 777 et
1887 750 1966 789 per

161 817 447 858 commendas
493 817 773 859 ecclesiarum
822 823 867 859 et
906 816 1259 871 prebendarum3
1305 821 1354 856 ut
1393 821 1519 870 patet
1559 817 1603 856 in
1644 816 1780 858 literis
1821 817 1965 857 missis

163 896 296 951 Papae
327 897 531 939 Romano
562 897 756 939 Martino
784 897 842 939 ab
870 896 1167 939 Universitate
1199 896 1417 950 Pragensi,
1441 896 1485 936 in
1513 896 1671 950 quibus
1699 897 1964 950 scripserunt

163 976 296 1031 Papae
336 977 457 1031 quod
495 978 728 1020 verisimile
773 977 856 1020 fuit
900 991 1067 1018 errores
1105 976 1150 1017 in
1191 990 1326 1031 regno
1367 975 1593 1018 Bohemiae
1641 976 1838 1031 pululare
1884 991 1964 1032 pro

163 1058 305 1099 causis
334 1057 569 1111 praedictis.

279 1143 331 1187 [p.
351 1142 421 1187 91.]
450 1143 827 1180 Astronomorum
849 1142 1037 1187 judicia.
1076 1136 1373 1178 Consimiliter
1400 1137 1609 1178 dixerunt
1634 1137 1730 1179 falsi
1756 1138 1965 1192 astrologi

145 1217 239 1271 -qui
273 1223 486 1259 vocantur
519 1218 805 1261 calculatores
840 1218 1067 1260 Willelmo
1101 1217 1208 1259 Pule
1247 1217 1347 1258 duci
1383 1216 1701 1259 Southfolchiae
1737 1233 1854 1260 anno
1886 1219 1966 1260 Xti

168 1303 278 1350 1450
307 1297 351 1338 in
381 1303 499 1340 turre
528 1298 859 1340 Londoniarum
895 1298 1198 1348 incarcerat03
1245 1297 1345 1339 duci
1381 1297 1499 1339 enim
1535 1298 1744 1340 existenti
1780 1300 1824 1340 in
1860 1301 1966 1341 turri

164 1390 225 1418 ex
265 1377 455 1419 clamore
488 1378 817 1434 communitatis
849 1378 1029 1432 Angliae
1069 1378 1114 1418 in
1147 1377 1442 1419 Parliamento
1473 1378 1682 1420 dixerunt
1713 1381 1967 1431 astronomi,

165 1457 369 1499 ‘domine
408 1458 515 1509 dux,
550 1459 586 1500 si
626 1460 826 1513 poteritis
866 1459 1052 1501 evadere
1090 1458 1215 1499 vivus
1254 1458 1310 1499 ab
1352 1458 1436 1499 ista
1477 1459 1583 1499 turri
1625 1459 1968 1512 Londoniarum,

165 1536 247 1578 sub
276 1551 412 1592 poena
442 1539 598 1593 capitis
628 1540 765 1582 nostri
797 1540 930 1581 exitis
959 1544 1063 1580 tunc
1090 1551 1266 1579 securus
1295 1538 1351 1579 ab
1379 1538 1596 1580 occisione
1623 1539 1919 1595 cujuscunque
1937 1540 1969 1593 ;'

166 1623 213 1659 et
250 1623 348 1659 tum
388 1618 482 1672 ipse
520 1619 616 1660 dux
650 1633 729 1674 per
762 1620 989 1661 licenciam
1027 1618 1164 1672 Regis
1199 1617 1378 1672 Angliae
1413 1618 1594 1661 Henrici
1631 1620 1759 1662 Sexti
1795 1635 1822 1662 a
1862 1623 1967 1663 turri

167 1695 498 1739 Londoniarum
533 1698 706 1741 occulte
741 1700 907 1751 exiens,
942 1699 987 1739 in
1023 1699 1133 1739 mari
1169 1705 1324 1752 captus
1359 1698 1440 1740 fuit
1473 1706 1518 1740 et
1552 1701 1721 1742 occisus
1756 1716 1834 1755 per
1868 1716 1968 1743 sen-

167 1777 354 1819 tentiam
393 1777 531 1819 latam
571 1792 599 1820 a
639 1779 815 1820 marinis
850 1779 895 1820 in
931 1779 1031 1820 navi
1059 1784 1216 1820 vocata
1256 1778 1501 1820 Nicholaus
1541 1781 1598 1822 de
1637 1780 1779 1823 Turri.
1856 1782 1969 1824 Haec

141 1856 285 1899 -dixit
314 1857 446 1899 michi
474 1858 666 1901 famulus
695 1859 895 1914 praedicti
926 1858 1049 1900 ducis
1080 1859 1155 1912 qui
1185 1860 1308 1901 novit
1337 1859 1422 1901 ista
1452 1874 1548 1902 esse
1576 1875 1693 1902 vera.

286 1935 583 1980 Consimiliter
617 1946 684 1982 est
718 1939 955 1982 dicendum
991 1939 1049 1980 de
1082 1938 1280 1993 pluribus
1311 1939 1480 1981 indiciis
1511 1948 1863 1984 astronomorum
1895 1944 1968 1996 qui

145 2015 216 2056 -in
248 2015 403 2059 diebus
436 2018 546 2060 meis
580 2019 627 2060 in
656 2018 823 2074 Anglia
857 2020 996 2061 multa
1026 2019 1171 2061 futura
1202 2021 1505 2073 praedixerunt
1536 2036 1722 2075 quorum
1754 2025 1969 2065 contraria

171 2095 309 2137 oculis
347 2097 506 2139 nostris
538 2098 764 2150 vidimus;
807 2100 1109 2153 praedixerunt
1142 2099 1271 2151 enim,
1302 2101 1420 2154 quod
1463 2101 1497 2142 si
1543 2102 1637 2142 dux
1682 2102 1968 2144 Suthfolchiae

172 2173 423 2218 Willelmus
466 2177 573 2219 Pule
618 2185 735 2220 esset
785 2185 912 2220 extra
959 2179 1112 2220 turrim
1159 2179 1489 2222 Londoniarum
1539 2196 1764 2236 nunquam
1814 2192 1967 2236 postea

173 2259 291 2296 esset
319 2256 499 2305 occisus,
533 2263 578 2298 et
609 2263 761 2300 tamen
793 2265 950 2313 postea
985 2273 1011 2299 a
1052 2259 1228 2300 marinis
1261 2260 1342 2301 fuit
1378 2261 1422 2301 in
1459 2262 1567 2303 mari
1602 2263 1768 2304 occisus
1808 2268 1852 2303 et
1893 2263 1969 2303 de-

175 2333 360 2375 collatus
389 2335 435 2376 in
463 2350 598 2390 parva
628 2339 728 2379 navi
764 2346 874 2390 1450
904 2353 1021 2380 anno
1053 2339 1146 2380 Xti.

291 2419 341 2463 [p.
369 2419 458 2462 110.]
506 2421 777 2466 Baptismus.
810 2418 1019 2461 Ostendit
1051 2418 1241 2461 Sanctus
1272 2420 1532 2472 Bernardus‚
1567 2423 1721 2464 doctor
1752 2429 1796 2463 et
1832 2422 1969 2463 abbas

176 2492 443 2544 clarevallis,
483 2494 530 2536 in
573 2497 759 2549 epistola
807 2499 866 2539 ad
911 2498 1062 2539 Adam
1103 2498 1366 2541 monachum
1407 2502 1463 2542 de
1503 2502 1769 2542 obediencia.
1850 2502 1970 2555 Papa

158 2578 330 2614 ¹contra
366 2586 531 2614 meram
565 2576 782 2618 racionem
819 2584 865 2619 et
901 2577 1172 2632 Scripturam
1203 2593 1371 2621 sacram
1407 2581 1524 2622 licite
1558 2581 1699 2622 facere
1734 2581 1803 2622 vel
1838 2581 1971 2623 licen-

177 2652 291 2694 ciare
314 2666 402 2694 non
423 2659 581 2706 potest,
601 2656 704 2709 quia
727 2656 820 2710 ejus
844 2664 1042 2711 potestas
1067 2659 1172 2700 data
1200 2659 1257 2701 sit
1282 2661 1325 2701 in
1354 2661 1696 2702 aedificacionem
1725 2661 1969 2703 animarum

178 2738 224 2774 et
259 2745 409 2773 eorum
452 2746 551 2786 quae
592 2733 690 2776 Deo
729 2736 916 2790 placent,
949 2744 993 2779 et
1034 2752 1120 2780 non
1161 2746 1211 2780 ut
1250 2742 1489 2782 secundum
1530 2740 1804 2781 voluntatem
1844 2755 1968 2783 suam

178 2811 322 2861 saciat,
343 2817 388 2853 et
416 2812 451 2852 si
478 2812 612 2854 verbo
639 2826 719 2856 suo
739 2815 809 2857 vel
835 2816 950 2859 facto
975 2819 1190 2860 contraria
1219 2819 1362 2869 faciat,
1384 2820 1452 2860 vel
1481 2820 1729 2872 ignorancia
1758 2821 1972 2875 decipitur
