2456 3210
641 260 771 297 LOCI
805 259 843 295 E
883 259 1048 294 LIBRO
1095 258 1297 294 VERJTA
1308 257 1442 294 TUM.
1891 265 1944 311 37

130 404 282 458 &xviij
329 403 418 447 fere
461 417 600 446 annos
648 404 692 445 in
740 404 899 457 quibus
948 404 1073 445 stetit
1118 401 1472 456 archiepiscopus
1523 400 1815 443 Eboracensis
1865 403 1946 446 suit

132 485 340 528 totaliter
369 486 530 527 absens
555 499 583 526 a
613 499 693 526 sua
723 484 900 534 diocesi,
923 495 1107 524 manens
1139 482 1383 523 Londoniis
1413 481 1484 523 vel
1520 482 1564 522 in
1597 481 1772 534 Cancia,
1799 483 1869 524 vel
1902 484 1945 524 in

138 564 237 606 aliis
272 565 379 607 locis
414 567 458 607 in
492 565 661 619 Anglia
694 565 878 605 remotis
912 578 939 604 a
971 577 1051 604 sua
1084 562 1250 604 diocesi
1289 562 1571 612 Eboracensi‚
1602 570 1795 616 excepto
1825 565 1945 618 quod

140 644 380 698 aliquando
410 645 546 687 semel
577 646 621 686 in
652 645 806 686 decem
826 644 894 685 vel
926 646 969 684 in
997 644 1231 690 duodecim
1253 644 1380 684 annis
1411 644 1572 684 mansit
1602 644 1647 684 in
1674 657 1754 684 sua
1783 644 1945 686 diocesi

143 724 412 766 'Eboracensi
433 740 514 780 per
538 726 650 767 duas
674 725 746 766 vel
767 731 858 766 tres
882 725 1165 777 septimanas,
1184 724 1334 778 paucis
1354 723 1511 764 diebus
1531 723 1600 764 vel
1626 723 1758 764 nullis
1786 726 1949 767 mansit

143 806 187 845 in
216 805 432 857 Eboraco‚
452 813 498 848 et
528 807 573 847 in
603 812 806 859 tempore
835 819 916 845 suo
951 804 1169 858 palacium
1199 803 1516 857 archiepiscopi
1549 803 1840 846 Eboracensis
1870 806 1948 846 de-

142 885 247 927 fecit
277 892 323 927 et
349 885 439 927 fere
465 886 522 927 ad
555 886 698 927 solum
731 885 899 935 ruebat,
922 891 967 925 et
997 886 1140 938 ipsum
1172 883 1394 938 palacium
1423 885 1520 938 ipso
1555 885 1778 926 existente
1807 886 1949 927 archi·

142 965 351 1020 episcopo
386 973 635 1020 reparatum
671 979 759 1007 non
795 965 889 1013 fuit,
926 972 972 1006 et
1007 965 1051 1005 in
1086 977 1257 1006 recessu
1298 978 1378 1005 suo
1417 964 1475 1005 ab
1517 964 1734 1014 Ebomco,
1769 967 1950 1019 quando

141 1058 224 1086 rex
246 1044 424 1100 Angliae
449 1047 668 1088 Henricus
690 1046 858 1088 Sextus
886 1052 931 1086 et
961 1046 1057 1086 dux
1086 1043 1435 1086 Summersettiae
1458 1044 1724 1086 Edmundus
1754 1045 1988 1087 fecerunt-

143 1139 245 1166 eum
291 1126 667 1181 archiepiscopum
710 1126 1087 1176 cantuariensem,
1127 1125 1304 1178 reliquit
1345 1125 1572 1166 ecclesiam
1613 1139 1739 1166 suam
1783 1126 1950 1168 Ebora-

143 1219 320 1248 censem
361 1208 406 1248 in
446 1220 612 1261 magna
651 1207 996 1260 perturbacione,
1038 1206 1133 1246 sine
1181 1206 1405 1252 remedi03
1455 1211 1557 1259 post
1603 1212 1790 1247 mortem
1831 1208 1949 1248 enim

143 1287 300 1327 decani
332 1286 634 1337 Eboracensis,
665 1287 703 1328 F
704 1287 815 1328 eltar
845 1287 1034 1336 nomine,
1061 1286 1258 1327 canonici
1288 1286 1485 1327 ecclesiae
1519 1286 1701 1340 pacifice
1735 1287 1951 1342 eligerunt

145 1365 475 1421 Bermyngham
523 1368 567 1408 in
609 1367 826 1408 decanum
868 1380 995 1407 suum
1037 1365 1377 1417 Eboracensem‚
1413 1372 1459 1407 et
1499 1366 1543 1406 in
1588 1371 1790 1420 tempore
1837 1368 1951 1410 elec-

142 1446 285 1487 cionis
319 1447 363 1487 in
394 1447 588 1501 capitulo
619 1448 709 1488 duo
739 1447 843 1488 mali
880 1447 1078 1488 canonici
1110 1446 1299 1487 Eboraci
1336 1453 1381 1487 et
1410 1447 1529 1499 prior
1563 1445 1715 1488 Sancti
1753 1447 1949 1489 Oswaldi

143 1525 361 1580 eligerunt
389 1534 518 1568 extra
553 1527 794 1581 capitulum
827 1527 959 1580 juxta
991 1527 1246 1580 ymaginem
1286 1527 1426 1568 sancti
1460 1525 1715 1568 Christoferi
1746 1529 1789 1569 in
1820 1529 1951 1570 deca·

145 1619 253 1647 num
285 1607 481 1648 ecclesiae
513 1607 804 1649 Eboracensis
843 1608 1103 1660 magistrum
1146 1606 1388 1648 Ricardum
1427 1606 1626 1648 Andrew
1666 1609 1949 1650 secretarium

145 1687 260 1740 regis
306 1687 486 1728 Henrici
533 1686 675 1737 Sexti,
724 1694 771 1729 et
814 1687 930 1728 facta
973 1686 1278 1740 appellacione
1321 1700 1400 1740 per
1442 1687 1541 1728 illos
1585 1693 1676 1729 tres
1718 1689 1951 1730 canonicos

144 1772 301 1807 contra
335 1766 600 1808 eleccionem
629 1780 779 1808 veram
821 1766 1153 1820 Bermyngham
1196 1766 1358 1808 factam
1400 1768 1444 1807 in
1475 1768 1680 1821 capitulo,
1712 1782 1791 1809 rex
1826 1769 1951 1811 Hen-

145 1846 261 1887 ricus
283 1846 451 1888 Sextus
480 1847 604 1888 illum
629 1847 884 1896 Ricardum,
906 1847 981 1900 qui
1007 1846 1090 1888 suit
1119 1848 1311 1900 pessime
1340 1853 1386 1888 et
1413 1847 1574 1901 injuste
1601 1861 1629 1888 a
1652 1849 1792 1890 tribus
1823 1857 1951 1891 extra

146 1925 388 1979 capitulum
419 1927 596 1978 electus,
617 1927 862 1969 licenciavit
897 1927 979 1968 sub
1014 1926 1158 1981 sigillo
1193 1941 1274 1968 suo
1306 1929 1454 1981 ipsum
1491 1927 1731 1970 Ricardum
1754 1928 1952 1971 Andrew

148 2013 377 2059 acceptare
416 2008 710 2060 provisionem
756 2022 897 2062 papae,
938 2013 989 2048 ut
1028 2014 1145 2048 esset
1186 2007 1476 2049 Eboracensis
1523 2009 1718 2050 ecclesiae
1759 2010 1951 2051 decanus

150 2098 230 2137 per
257 2087 548 2138 provisionem
583 2101 724 2141 papae,
754 2089 816 2128 ita
845 2088 965 2142 quod
997 2100 1114 2141 papa
1141 2086 1382 2128 Nicholaus
1413 2089 1591 2141 quintus
1621 2090 1766 2142 ipsum
1798 2089 1951 2130 Ricar-

150 2165 260 2205 dum
306 2165 351 2206 in
398 2167 662 2209 decanatum
713 2168 906 2210 ecclesiae
956 2167 1249 2208 Eboracensis
1290 2169 1542 2221 provideret
1592 2177 1636 2210 et
1683 2169 1950 2210 eleccionem

153 2243 479 2299 Bermyngham
529 2247 690 2289 factam
741 2248 960 2301 legittime
1006 2261 1087 2301 per
1134 2249 1367 2289 canonicos
1409 2248 1620 2290 Ecclesiae
1661 2249 1951 2289 Eboracensis

133 2310 272 2364 ‘idem
311 2337 428 2378 papa
465 2334 655 2368 cassaret
696 2334 742 2369 et
786 2335 1010 2368 revocaret
1050 2341 1126 2368 seu
1166 2328 1428 2379 adnullaret,
1470 2335 1515 2370 et
1555 2330 1616 2370 sic
1664 2328 1827 2369 sactum
1869 2328 1950 2370 fuit

133 2402 315 2443 “Romae
342 2417 422 2457 per
447 2407 656 2458 pecunias
687 2408 884 2461 praedicti
916 2407 1107 2448 Ricardi.
1169 2407 1230 2448 Et
1259 2409 1364 2461 quia
1397 2409 1639 2462 capitulum
1673 2408 1951 2449 Eboracense

153 2483 297 2536 ipsum
339 2482 576 2525 Rioerdum
615 2488 838 2539 provisum
880 2501 958 2540 per
996 2501 1159 2541 papam
1202 2488 1393 2541 recipere
1433 2489 1477 2528 in
1518 2501 1646 2528 suum
1685 2489 1949 2529 decanatum

154 2575 244 2602 non
274 2561 516 2613 voluerunt,
537 2564 637 2606 ideo
667 2580 747 2619 per
774 2566 917 2607 bullas
947 2581 1075 2620 papae
1106 2567 1309 2608 Nicholai
1341 2568 1498 2609 diversi
1530 2567 1724 2608 canonici
1755 2566 1951 2608 ecclesiae

155 2641 416 2683 cathedralis
464 2641 652 2685 Eboraci
702 2647 1074 2688 excommunicati
1126 2647 1316 2695 fuerunt,
1366 2654 1410 2689 et
1461 2647 1641 2688 ecclesia
1690 2646 1953 2689 cathedralis

155 2721 361 2774 exposita
391 2721 624 2764 interdicto
661 2730 708 2765 et
741 2739 953 2779 suspensa
993 2741 1073 2780 per
1106 2727 1253 2780 plures
1291 2728 1572 2781 septimanas
1611 2726 1675 2766 ita
1708 2727 1828 2779 quod
1871 2741 1953 2769 nec

158 2801 387 2842 matutinae
419 2814 499 2842 nec
533 2801 680 2855 aliqua
712 2804 844 2845 missa
879 2806 959 2846 suit
996 2807 1038 2846 in
1072 2807 1145 2847 illa
1182 2807 1363 2849 ecclesia
1394 2820 1472 2860 per
1505 2806 1650 2858 plures
1684 2806 1951 2859 septimanas
