2456 3210
457 254 537 307 148
958 260 1090 296 LOCI
1123 260 1162 294 E
1200 261 1366 296 LIBRO
1413 261 1758 296 VERJTATUM.

455 405 574 446 idem
610 405 728 459 prior
762 404 885 445 dedit
923 404 1065 444 eidem
1098 403 1270 457 legistae
1301 404 1374 457 jus
1407 405 1704 457 praesentandi
1736 418 1890 446 omnes
1921 405 2017 447 illas
2053 405 2259 451 ecclesias

456 487 528 536 sic,
558 486 678 539 quod
710 484 784 526 ille
814 484 1027 526 defendat
1063 499 1163 526 eum
1195 485 1251 526 ab
1283 485 1486 527 omnibus
1517 486 1688 528 vicariis
1723 493 1768 527 et
1800 486 2074 540 parochianis
2104 487 2179 541 qui
2215 487 2259 535 in

456 566 575 608 curia
606 566 798 620 episcopi
828 566 895 606 sui
925 565 1203 620 implacitant
1234 566 1437 620 priorem,
1475 580 1554 620 pro
1590 566 1675 608 illis
1710 581 1810 621 quae
1845 567 2006 610 faceret
2042 568 2086 608 in
2123 568 2261 610 eccle-

457 647 531 688 siis
563 647 853 701 appropriatis
886 660 966 687 suo
998 647 1219 700 prioratui,
1251 653 1295 688 et
1326 647 1398 688 ille
1429 647 1571 689 malus
1606 647 1764 702 legista
1794 655 1947 690 contra
1977 648 2049 702 jus
2083 654 2260 692 senten-

458 729 546 770 ciat
572 742 651 782 pro
680 728 834 781 priore,
868 734 912 769 et
942 727 1042 769 ideo
1073 734 1275 782 quaerunt
1306 728 1549 770 remedium
1579 729 1623 769 in
1649 729 1746 784 jure
1778 730 1912 783 regni.

575 814 619 857 [p.
645 814 734 855 161.]
801 808 1019 849 Dominus
1060 809 1195 862 Papa,
1237 808 1315 849 Xti
1363 809 1560 858 vicarius,
1600 815 1749 863 potest
1794 815 1932 851 terras
1975 816 2020 851 et
2063 810 2261 851 redditus

459 889 533 942 qui
565 889 726 930 dantur
762 889 931 930 caeteris
967 888 1072 930 locis
1108 896 1153 930 et
1190 889 1466 936 monasteriis
1499 889 1692 934 alienare
1723 897 1769 931 et
1801 889 1995 931 conferre
2025 890 2121 931 aliis
2156 889 2263 931 locis

460 975 503 1010 et
540 969 731 1010 ecclesiis
762 968 1095 1023 parochialibus,
1126 975 1175 1010 ut
1211 969 1379 1022 majora
1413 970 1531 1011 bona
1566 975 1610 1011 et
1642 970 1782 1023 majus
1813 970 1981 1012 lucrum
2016 971 2263 1012 animarum

461 1063 519 1090 ex
560 1049 801 1090 ministerio
842 1049 1014 1090 illorum
1055 1049 1272 1090 bonorum
1313 1050 1583 1103 proveniant,
1620 1050 1734 1092 sicut
1774 1050 1993 1098 Dominus
2033 1047 2158 1092 Deus
2199 1064 2264 1092 re-

459 1130 598 1170 traxit
633 1130 690 1170 ab
726 1128 850 1183 Hely
883 1136 927 1170 et
961 1130 1050 1170 suis
1081 1130 1403 1171 successoribus
1435 1143 1534 1184 quae
1566 1130 1684 1184 prius
1715 1131 1777 1171 eis
1810 1130 2057 1172 contulerat
2089 1137 2134 1172 et
2167 1144 2264 1184 per-.-

461 1210 653 1261 miserat,
691 1210 841 1251 dicens
879 1210 945 1250 ΡΟ.
978 1210 1166 1264 Regum,
1204 1209 1363 1252 ‘Absit
1397 1210 1481 1252 hoc
1517 1224 1544 1251 a
1580 1209 1679 1261 me‚'
1709 1210 1888 1262 scilicet,
1923 1217 1972 1252 ut
2007 1211 2264 1265 permittam

461 1297 506 1332 te
542 1297 586 1331 et
616 1297 717 1331 tuos
752 1303 1024 1332 successores
1060 1304 1118 1331 ex
1153 1297 1230 1332 tua
1260 1291 1520 1345 posteritate
1554 1290 1717 1332 habere
1753 1298 1798 1332 et
1833 1293 2018 1333 retinere
2049 1305 2149 1346 quae
2184 1291 2264 1333 tibi

462 1371 582 1424 prius
621 1371 814 1425 promisi,
850 1372 971 1425 quod
1013 1371 1087 1412 illa
1126 1370 1354 1421 haberent,
1391 1378 1435 1414 et
1476 1385 1575 1426 quae
1614 1371 1695 1413 tibi
1737 1371 1929 1423 contuli;
1971 1372 2268 1414 abutebantur

464 1451 580 1492 enim
622 1451 750 1502 datis,
791 1457 836 1492 et
877 1452 977 1493 ideo
1014 1452 1134 1505 juste
1178 1466 1258 1506 per
1299 1453 1446 1498 Deum
1491 1458 1536 1493 et
1581 1466 1660 1506 per
1706 1451 1801 1505 ejus
1847 1452 2057 1494 vicarium
2106 1452 2266 1494 retrahi

463 1531 522 1572 ab
558 1531 621 1572 eis
661 1538 859 1585 possunt,
894 1538 938 1573 et
971 1532 1067 1573 aliis
1104 1533 1301 1583 conferri,
1340 1533 1414 1587 qui
1451 1532 1554 1578 inde
1590 1531 1803 1585 majorem
1838 1531 2029 1574 fructum
2070 1532 2267 1574 afferent.

466 1611 676 1653 Ecclesiae
717 1613 834 1653 enim
875 1612 1146 1666 parochiales
1188 1619 1233 1655 et
1280 1627 1383 1655 cura
1421 1614 1666 1654 animarum
1702 1612 1796 1666 jam
1835 1613 1879 1653 in
1919 1611 2119 1666 pluribus
2159 1613 2267 1654 locis

465 1691 644 1745 Angliae
679 1693 963 1734 destruuntur
996 1707 1075 1746 per
1109 1694 1517 1748 appropriacionem
1554 1692 1832 1734 ecclesiarum
1863 1691 2191 1746 parochialium,
2223 1699 2268 1734 et

467 1772 634 1813 domini
670 1773 829 1813 terreni
865 1774 1038 1827 decepti
1074 1781 1177 1815 sunt
1212 1775 1424 1824 dicentes,
1454 1773 1643 1815 ‘Melius
1679 1779 1746 1814 est
1782 1773 1898 1813 enim
1928 1772 2047 1826 quod
2084 1772 2270 1814 ecclesia

467 1852 774 1906 appropriatur
813 1852 890 1893 tali
930 1853 1039 1904 loco,
1077 1855 1180 1908 quia
1220 1854 1367 1908 plures
1406 1867 1615 1908 personas
1655 1852 1839 1899 exhibet
1878 1866 1958 1906 per
1996 1853 2114 1894 bona
2154 1852 2269 1894 illius

469 1931 676 1981 ecclesiae,
711 1938 755 1973 et
794 1932 939 1986 plures
981 1933 1125 1975 missae
1166 1935 1306 1976 eciam
1347 1934 1622 1976 celebrantur
1662 1933 1826 1974 ibidem
1867 1946 1947 1986 pro
1987 1932 2265 1987 parochianis

469 2013 585 2054 illius
625 2012 819 2054 ecclesiae
859 2014 1165 2067 appropriatae‚
1207 2029 1339 2068 quam
1381 2014 1499 2068 quod
1540 2027 1651 2054 unus
1691 2013 1905 2066 superbus
1942 2012 2107 2055 habeat
2147 2013 2269 2055 illam

470 2094 701 2135 rectoriam
738 2100 783 2134 et
811 2093 929 2134 vivat
964 2094 1083 2135 laute
1114 2095 1186 2135 ubi
1217 2095 1403 2136 voluerit
1438 2109 1517 2149 per
1549 2094 1666 2135 bona
1698 2092 1812 2133 illius
1842 2093 2064 2135 ecclesiae.’
2124 2093 2270 2145 Tales,

471 2175 546 2228 qui
581 2174 643 2215 sic
676 2174 839 2224 dicunt,
875 2187 962 2214 non
998 2175 1278 2216 considerant
1312 2176 1432 2229 quod
1469 2173 1758 2227 multiplicare
1795 2174 2150 2216 inconveniencia
2181 2187 2269 2215 non

473 2261 541 2296 est
578 2268 630 2296 ea
659 2253 838 2295 solvere.
910 2253 1000 2307 Ipsi
1036 2255 1152 2295 enim
1189 2262 1292 2296 sunt
1327 2269 1459 2302 causa
1489 2267 1622 2308 quare
1653 2253 1846 2294 ecclesiae
1877 2254 2039 2296 dantur
2068 2254 2270 2308 indignis,

474 2342 519 2376 et
555 2348 688 2388 quare
729 2347 877 2374 earum
912 2334 1029 2374 bona
1065 2335 1179 2376 male
1216 2335 1537 2389 expenduntur,
1572 2347 1650 2387 per
1686 2333 1836 2385 malos,
1871 2334 2031 2388 quibus
2067 2334 2272 2376 ecclesias

476 2415 730 2466 conferunt3
772 2414 854 2468 ipsi
883 2413 999 2455 enim
1025 2415 1230 2466 dicerent,
1253 2415 1325 2457 ‘Si
1353 2414 1535 2456 ecclesia
1564 2427 1640 2454 seu
1668 2413 1784 2455 bona
1813 2415 1998 2456 rectoria
2026 2421 2142 2456 esset
2166 2414 2272 2456 data

476 2497 594 2537 bono
627 2502 672 2536 et
701 2493 839 2538 habili
868 2494 971 2543 viro,
1004 2495 1078 2547 qui
1110 2494 1296 2537 fideliter
1329 2494 1548 2548 promittit
1582 2507 1629 2535 se
1661 2494 1849 2536 residere
1883 2495 1927 2536 in
1964 2495 2132 2546 eadem,
2165 2500 2272 2535 tunc

477 2576 604 2629 plura
642 2575 760 2616 bona
799 2574 949 2616 debita
987 2573 1141 2616 fierent
1180 2575 1293 2616 inter
1331 2572 1631 2628 parochianos,
1670 2574 1848 2626 eisdem,
1889 2581 1934 2616 et
1972 2588 2052 2629 pro
2092 2573 2274 2624 eisdem,

479 2662 524 2697 et
554 2669 633 2710 per
663 2655 787 2696 illum
817 2655 982 2696 bonum
1014 2661 1230 2696 rectorem
1267 2654 1579 2696 exhiberentur
1613 2653 1760 2707 plures
1790 2654 1987 2708 juvenes,
2019 2654 2093 2709 qui
2127 2659 2274 2695 essent

481 2736 629 2790 magni
677 2735 820 2777 clerici
867 2735 911 2775 in
958 2734 1127 2785 scholis,
1168 2741 1212 2775 et
1257 2734 1517 2784 sacerdoteS,
1559 2734 1645 2787 qui,
1685 2748 1763 2788 per
1808 2735 2028 2777 orationes
2073 2747 2186 2783 suas,
2228 2738 2274 2774 et

485 2817 651 2867 missas,
689 2823 731 2858 et
772 2815 1146 2870 praedicacionem,
1184 2822 1228 2857 et
1268 2821 1419 2856 sancto
1460 2815 1678 2868 exemplo,
1721 2816 1861 2870 magis
1902 2816 2000 2857 Deo
2040 2814 2274 2869 placerent,
