2456 3210
486 244 565 284 160
696 236 702 238 ⁷
981 252 1113 288 ωε]
1146 254 1185 288 E
1224 254 1387 289 LIBRO
1435 255 1634 290 VERJTA
1645 256 1778 293 TUM.

479 398 591 444 runt,
613 406 691 446 per
717 393 864 435 literas
885 408 986 437 suas
1007 402 1051 437 et
1074 410 1152 450 per
1171 398 1353 438 nuncios
1375 394 1482 453 (sic),
1499 403 1547 439 ut
1568 398 1625 439 ad
1648 398 1870 440 civitatem
1894 399 2095 442 Pisanam
2117 413 2274 442 conve-

478 474 621 514 nirent
648 488 765 516 anno
793 475 973 516 Domini
1001 488 1123 531 1409.
1183 477 1552 531 Vocaveruntque
1576 479 1818 520 cardinales
1845 479 1902 520 ad
1929 479 2014 521 hoc
2040 480 2272 522 concilium

477 554 685 596 Pisanum
721 569 845 609 reges
881 562 926 597 et
958 557 1186 612 principes,
1225 565 1270 599 et
1304 559 1508 599 dominos
1540 559 1767 610 seculares,
1800 566 1848 602 ut
1883 574 1962 614 per
1994 561 2171 614 seipsos,
2203 561 2272 603 vel

474 650 555 690 per
581 622 884 690 procuratores
918 651 1021 679 suos
1051 639 1108 679 ad
1144 637 1228 679 hoc
1268 638 1485 692 legittime
1517 639 1766 693 deputatos,
1799 640 1961 682 ibidem
1997 648 2271 696 apparerent.

476 716 690 771 Gregorio
725 724 874 759 autem
915 717 984 772 xj⁰
1024 724 1069 760 et
1110 718 1351 760 Benedicto
1382 719 1481 774 xiij⁰
1511 720 1568 761 de
1608 721 1844 774 praesulato
1876 722 2083 764 Romano
2124 722 2271 764 rixan-

473 798 602 849 tibus,
653 804 949 840 convenerunt
1002 799 1059 840 ad
1109 799 1340 840 concilium
1390 799 1435 841 in
1485 801 1661 843 civitate
1712 802 1980 854 Pisanorum,
2020 803 2078 844 de
2126 803 2270 858 regnis

473 878 789 930 Romanorum,
823 878 1161 930 Almannorum,
1197 879 1476 932 Francorum,
1513 880 1775 935 Anglorum,
1813 883 2090 933 Polonorum,
2125 882 2270 925 Bohe-

471 973 655 1009 morum,
698 966 743 1001 et
789 960 1017 1001 nationum
1066 960 1346 1012 diversarum,
1387 961 1656 1015 patriarchae,
1695 963 2021 1018 archiepiscopi,
2065 963 2270 1018 episcopi,

468 1040 664 1090 abbates,
715 1039 897 1094 praelati,
947 1041 1208 1092 sacerdotes,
1249 1048 1294 1083 et
1343 1041 1497 1094 clerici,
1536 1043 1749 1094 doctores,
1795 1050 1839 1085 et
1888 1044 2084 1098 magistri
2133 1058 2268 1087 sacrae

468 1119 738 1174 Theologiae,
765 1121 874 1175 juris
905 1122 1142 1177 utriusque,
1163 1128 1208 1164 et
1239 1122 1366 1164 multi
1396 1129 1699 1177 procuratores
1730 1124 1814 1176 alii,
1844 1127 1920 1178 qui
1949 1125 2010 1166 ibi
2041 1125 2268 1179 elegerunt

467 1200 511 1241 in
560 1215 724 1255 papam
772 1202 1002 1243 dominum
1053 1203 1232 1244 Petrum
1275 1203 1333 1244 de
1375 1202 1558 1252 Candia,
1598 1203 1776 1245 fratrem
1821 1205 1984 1246 ordinis
2035 1206 2266 1258 minorum,

466 1282 734 1324 cardinalem
775 1284 1081 1337 presbiterum,
1116 1283 1232 1325 tituli
1268 1282 1331 1337 xij
1369 1283 1682 1337 apostolorum,
1717 1285 1792 1338 qui
1829 1286 2057 1328 dicebatur
2092 1287 2266 1329 Medio-

464 1362 668 1416 lanensis,
702 1378 834 1418 quem
870 1365 1159 1406 nominabant
1194 1363 1506 1406 Alexandrum
1542 1366 1755 1419 quintum,
1789 1366 1862 1419 qui
1898 1380 2033 1420 parvo
2065 1373 2266 1422 tempore
2313 1351 2316 1353 “

465 1442 547 1484 fuit
582 1457 712 1498 papa,
743 1444 896 1486 obiens
931 1445 976 1485 in
1006 1445 1183 1486 civitate
1214 1444 1480 1486 Bononiensi
1519 1459 1635 1486 anno
1671 1445 1852 1487 Domini
1900 1458 2010 1497 1410
2026 1463 2039 1496 ς
2082 1454 2127 1489 et
2167 1454 2263 1490 tum

466 1522 632 1565 electus
671 1524 753 1566 fuit
789 1525 833 1565 in
865 1538 1028 1579 papam
1060 1524 1286 1578 Johannes
1316 1536 1369 1579 23
1415 1525 1639 1576 Bononiae,
1670 1526 1745 1579 qui
1781 1527 2049 1578 convocavit,
2084 1534 2264 1582 propter

465 1591 691 1645 decretum
741 1605 939 1658 praedicti
981 1605 1126 1646 Pisani
1170 1604 1353 1655 concilii,
1394 1605 1626 1647 concilium
1674 1605 1878 1660 generale
1925 1606 1983 1647 ad
2033 1607 2257 1648 civitatem

466 1682 868 1735 Constanciensem,
901 1700 977 1727 seu
1010 1685 1298 1737 Constanciae,
1329 1686 1403 1739 qui
1437 1686 1495 1727 ab
1531 1686 1606 1727 illo
1641 1686 1823 1728 concilio
1856 1686 2049 1740 generali
2079 1701 2261 1741 congre-

462 1770 569 1817 gato
615 1764 796 1818 fugiens,
838 1771 884 1807 et
924 1766 1082 1807 iterum
1130 1771 1301 1818 captus,
1342 1771 1387 1808 et
1433 1767 1491 1808 ad
1542 1767 1650 1808 illud
1700 1766 1931 1809 concilium
1982 1766 2260 1810 Constanciae

461 1844 664 1886 reductus
695 1859 775 1899 per
806 1859 955 1899 regem
990 1845 1294 1888 Romanorum
1325 1846 1670 1901 Sigismundum,
1699 1854 1905 1889 vocatum
1935 1848 2257 1902 imperatorem,

460 1922 686 1976 depositus
723 1928 790 1963 est
825 1922 868 1963 in
902 1923 1060 1964 eodem
1097 1923 1278 1966 concilio
1315 1925 1656 1975 Constanciensi‚
1687 1925 1805 1978 prius
1835 1926 2046 1979 depositis
2078 1926 2123 1967 in
2155 1940 2258 1968 con-

459 2002 560 2044 cilio
583 2001 740 2044 Pisano
770 2016 847 2057 per
877 2004 1146 2045 sentenciam
1178 2003 1390 2059 Gregorio
1417 2005 1500 2060 xij⁰
1530 2011 1575 2047 et
1605 2005 1845 2047 Benedicto
1866 2005 1975 2059 xiij0,
2007 2012 2112 2048 ante
2143 2006 2256 2049 elec-

459 2084 632 2125 cionem
659 2097 787 2138 papae
818 2083 986 2124 domini
1013 2083 1264 2126 Alexandri
1295 2086 1436 2139 quinti
1466 2086 1510 2127 in
1541 2086 1697 2127 eodem
1727 2085 1910 2128 concilio
1941 2086 2110 2139 Pisano,
2134 2094 2180 2129 et
2208 2088 2253 2128 in

458 2164 543 2206 isto
571 2163 755 2206 concilio
785 2162 1117 2206 Constanciensi
1142 2166 1307 2209 electus
1336 2166 1418 2208 fuit
1445 2167 1490 2208 in
1517 2180 1681 2220 papam
1706 2180 1784 2220 per
1803 2166 1974 2221 aliquos
2001 2167 2253 2219 cardinales,

457 2251 503 2286 et
533 2259 611 2299 per
639 2243 750 2286 alios
781 2244 1017 2298 deputatos
1043 2245 1087 2286 in
1119 2245 1195 2288 illo
1226 2246 1410 2288 concilio
1443 2245 1787 2297 Constanciensi‚
1811 2247 2032 2290 Martinus
2063 2248 2252 2302 quintus,

455 2339 573 2366 anno
598 2325 780 2366 Domini
815 2334 936 2377 1417,
967 2325 1011 2366 in
1044 2326 1116 2367 die
1138 2326 1291 2369 Sancti
1323 2327 1503 2369 Martini
1535 2326 1726 2380 episcopi
1757 2333 1802 2369 et
1832 2328 2102 2377 confessoris,
2134 2341 2252 2383 papa

453 2405 659 2458 Johanne
688 2417 741 2461 23
773 2405 975 2460 deposito
1006 2406 1049 2446 in
1081 2408 1238 2449 eodem
1269 2407 1456 2449 concilio
1489 2406 1821 2449 Constanciensi
1854 2423 1971 2451 anno
2002 2409 2082 2450 Xti
2123 2421 2246 2460 1414,

453 2494 556 2539 post
590 2486 909 2528 Pentecostalia
938 2485 1065 2527 festa.
1126 2487 1236 2529 Haec
1271 2487 1418 2529 omnia
1454 2493 1609 2541 patent
1643 2488 1687 2528 in
1719 2488 1831 2530 libro
1862 2490 1934 2531 De
1965 2489 2111 2531 Gestis
2143 2503 2249 2531 con-

453 2567 538 2608 cilii
563 2567 709 2609 Pisani
741 2573 785 2609 et
818 2565 1184 2619 Constanciensis,
1213 2581 1346 2622 quem
1376 2566 1465 2609 vidi
1495 2566 1685 2609 Oxoniae
1716 2569 1759 2609 in
1787 2569 1973 2623 collegio
2000 2569 2247 2618 Dunelmae,

452 2650 569 2701 quod
600 2648 737 2690 habet
766 2648 890 2690 illum
919 2647 1077 2688 librum
1109 2662 1167 2689 ex
1201 2649 1318 2690 dono
1348 2648 1538 2690 doctoris
1564 2648 1748 2690 Roberti
1779 2649 1960 2692 Burtun.
2024 2649 2246 2692 Successit

452 2808 607 2851 cholao
648 2810 802 2863 quinto
842 2809 1009 2852 doctori
1050 2823 1184 2851 sacrae
1219 2809 1475 2862 Theologiae
1515 2810 1723 2852 successit
1765 2809 1968 2853 Calixtus
1999 2810 2071 2864 iijfl,
2108 2822 2241 2863 quem
