2456 3210
485 198 565 225 110
987 189 1118 225 LOCI
1152 188 1191 222 E
1230 188 1395 223 LIBRO
1444 187 1789 222 VERITATUM.

484 347 573 375 una
606 347 706 376 cum
739 334 901 375 devota
936 333 1139 374 oracione
1178 333 1236 373 ad
1272 331 1409 373 talem
1444 331 1636 384 graciam
1679 337 1725 372 et
1765 330 1950 385 gloriam
1982 336 2207 380 vocantur,
2244 337 2291 373 et

482 415 539 456 ad
575 414 690 456 bene
730 413 1003 468 operandum
1038 413 1300 463 excitantur,
1337 418 1383 453 et
1422 425 1500 466 per
1539 411 1652 453 tales
1691 417 1816 454 actus
1850 411 1976 466 plura
2007 412 2126 453 bona
2164 411 2288 461 fiunt,

484 502 529 536 et
563 494 690 549 plura
723 494 840 535 mala
871 508 970 548 quae
1001 493 1294 536 verisimiliter
1323 492 1479 533 fierent
1509 505 1598 533 non
1629 492 1766 544 fiunt3
1811 498 1856 534 et
1882 505 1962 546 per
1990 491 2102 534 tales
2133 505 2292 546 appro-

485 575 726 629 priaciones
757 575 1037 616 ecclesiarum
1069 580 1257 615 rectores
1287 572 1392 614 boni
1423 571 1704 614 retrahuntur
1733 586 1760 613 a
1790 586 1894 614 cura
1925 573 2182 621 animarum,
2213 585 2293 626 per

485 669 671 709 quorum
708 655 952 697 carenciam
989 660 1034 696 et
1066 655 1287 696 defectum
1319 653 1446 707 plura
1477 653 1594 694 mala
1628 653 1751 704 fiunt,
1784 659 1829 695 et
1858 652 1984 707 plura
2013 653 2132 694 bona
2160 651 2291 694 omit·

484 742 646 785 tuntur,
689 750 788 789 quae
828 736 946 777 bona
989 735 1145 777 fierent
1186 748 1264 789 per
1304 733 1590 788 praesenciam
1630 728 1736 775 boni
1777 734 1976 788 pastoris,
2013 734 2126 775 sicut
2165 732 2293 787 plura

484 817 602 858 bona
625 816 921 869 sequebantur
950 816 994 856 in
1025 815 1265 869 praesencia
1285 815 1391 856 boni
1418 814 1608 868 pastoris
1638 814 1903 856 sanctissimi
1933 798 2290 868 apostoli'PaulL

485 897 662 950 quando
683 896 765 938 fuit
792 896 910 951 apud
935 896 1159 948 Galathas,
1180 909 1367 950 quorum
1388 895 1606 937 contraria
1627 894 1776 936 omnia
1798 895 2097 949 sequebantur
2122 895 2167 935 in
2196 893 2291 948 ejus

485 977 701 1027 absencia,
738 977 916 1031 quando
946 977 1107 1018 absens
1147 983 1242 1018 erat
1272 990 1299 1017 a
1340 975 1553 1026 Galathis,
1587 975 1869 1030 praedicando
1900 975 1997 1016 aliis
2028 974 2289 1030 regionibus,

485 1058 664 1099 orientis
696 1064 741 1099 et
772 1057 1023 1108 occidentis,
1045 1063 1094 1099 ut
1126 1063 1317 1099 testatur
1348 1062 1526 1098 sanctus
1553 1057 1707 1097 doctor
1733 1056 1998 1110 Jemnimus,
2019 1061 2063 1097 et
2087 1055 2292 1097 dominus

485 1137 672 1179 Lincoln
712 1138 757 1178 in
791 1137 1132 1180 Commentariis
1173 1138 1262 1179 suis
1303 1150 1435 1192 super
1465 1135 1715 1189 Epistolam
1747 1135 1902 1178 Sancti
1938 1135 2062 1177 Pauli
2102 1134 2293 1190 apostoli

483 1219 541 1259 ad
585 1218 813 1260 Galathas.
886 1218 1037 1260 Bonus
1077 1219 1194 1259 enim
1236 1225 1390 1269 rector,
1430 1217 1566 1259 verbo
1605 1231 1686 1258 suo
1727 1222 1773 1258 et
1817 1216 2026 1270 exemplo
2066 1222 2111 1258 et
2151 1216 2291 1257 eciam

484 1299 609 1340 sactis
639 1300 740 1349 suis,
776 1299 1067 1353 parochianos
1098 1299 1354 1340 informaret
1384 1297 1609 1352 quomodo
1640 1311 1688 1338 se
1722 1297 1780 1338 ad
1811 1297 1959 1338 Deum
1989 1296 2215 1345 haberent,
2247 1302 2293 1337 et

484 1379 709 1432 quomodo
747 1379 958 1431 viverent,
998 1386 1043 1421 et
1084 1379 1309 1433 quomodo
1350 1384 1526 1420 orarent
1566 1391 1647 1432 pro
1688 1391 1736 1418 se
1777 1382 1823 1418 et
1862 1391 1941 1431 pro
1981 1377 2089 1428 aliis,
2122 1383 2168 1418 et
2207 1376 2293 1418 ista

484 1459 574 1499 fieri
605 1473 632 1499 a
661 1459 936 1513 parochianis
966 1474 1045 1513 pro
1077 1460 1230 1514 seipsis
1260 1460 1428 1501 orando
1459 1464 1504 1500 et
1534 1458 1648 1500 bene
1670 1458 1859 1499 vivendo
1888 1458 2120 1512 prodesset
2150 1457 2292 1511 magis

485 1538 761 1593 parochianis
796 1554 929 1593 quam
959 1540 1069 1582 alios
1099 1554 1223 1581 orare
1254 1554 1334 1594 pro
1364 1540 1438 1591 eis,
1475 1539 1579 1594 quia
1609 1546 1716 1581 tunc
1746 1545 1922 1580 orarent
1952 1552 2005 1580 eo
2036 1538 2170 1580 modo
2203 1551 2292 1591 quo

485 1626 692 1661 tenentur
712 1633 846 1670 orare,
867 1626 912 1661 et
937 1620 1012 1661 illo
1044 1621 1178 1662 modo
1205 1621 1403 1662 viverent
1424 1634 1512 1674 quo
1540 1625 1746 1662 tenentur
1768 1619 1924 1671 vivere,
1946 1624 1992 1660 et
2012 1619 2074 1660 sic
2102 1618 2291 1660 multum

485 1701 676 1741 fructum
704 1700 809 1741 boni
840 1701 984 1754 operis
1015 1701 1058 1741 in
1087 1715 1134 1742 se
1164 1708 1207 1743 et
1239 1702 1282 1742 in
1309 1701 1406 1742 aliis
1436 1700 1691 1755 parochiani
1722 1699 1922 1741 afferunt.
1967 1699 2059 1742 Ubi
2085 1698 2192 1752 jam,
2213 1711 2293 1753 per

486 1780 690 1821 miseram
737 1780 1155 1834 appropriacionem,
1196 1787 1426 1823 remanent
1465 1781 1581 1823 sicut
1626 1780 1796 1822 steriles
1835 1780 2025 1828 arbores,
2068 1779 2182 1833 quia,
2213 1792 2292 1832 per

484 1859 893 1914 appropriacionem
925 1860 1216 1912 ecclesiarum,
1251 1861 1508 1903 auferuntur
1537 1861 1594 1902 ab
1626 1861 1794 1903 eisdem
1824 1859 2100 1915 parochianis
2131 1859 2290 1900 maturi

486 1948 531 1982 et
565 1941 753 1982 scientes
789 1945 991 1991 rectores,
1025 1941 1099 1994 qui
1134 1941 1366 1995 vigilarent
1398 1956 1530 1996 super
1565 1955 1744 1996 gregem
1776 1954 1918 1989 suum,
1951 1946 1997 1982 et
2031 1940 2093 1981 sic
2129 1940 2290 1981 animae

486 2026 672 2075 pereunt
699 2019 985 2074 plurimorum
1013 2034 1091 2074 per
1117 2021 1337 2063 defectum
1366 2022 1504 2064 talem
1533 2028 1578 2064 et
1605 2022 1848 2064 carenciam
1876 2026 2126 2062 curatorum
2150 2021 2290 2062 bono-

486 2115 595 2143 rum.
657 2100 698 2142 O
731 2099 878 2141 Deus!
915 2099 1111 2142 illumina
1141 2101 1290 2143 oculos
1322 2102 1564 2154 hominum,
1592 2109 1641 2144 ut
1675 2102 1868 2152 videant,
1896 2102 2122 2155 quomodo
2157 2113 2291 2142 causa

485 2195 630 2223 causae
663 2186 729 2222 est
769 2193 900 2221 causa
935 2180 1132 2221 omnium
1168 2196 1267 2235 quae
1302 2189 1544 2236 sequuntur
1579 2196 1636 2223 ex
1673 2181 1747 2223 illa
1783 2195 1925 2233 causa,
1959 2188 2004 2223 et
2043 2180 2290 2235 specialiter

486 2275 588 2303 cum
627 2261 686 2302 ad
727 2274 816 2301 non
855 2259 918 2301 sic
966 2259 1214 2302 faciendum
1254 2261 1390 2304 homo
1430 2268 1607 2304 tenetur
1653 2267 1698 2303 et
1738 2261 1970 2315 obligatur,
2012 2262 2130 2303 unde
2175 2261 2289 2302 sicut

487 2342 616 2382 radix
638 2340 755 2382 mala
776 2345 844 2381 est
863 2339 1151 2394 plurimorum
1174 2341 1406 2383 malorum.
1468 2341 1543 2384 Sic
1564 2347 1688 2383 actus
1709 2342 1811 2383 talis
1833 2341 1975 2383 malus
1995 2341 2142 2396 plures
2163 2347 2288 2383 actus

487 2422 626 2463 malos
655 2426 818 2472 causat,
840 2426 884 2461 et
914 2420 1025 2468 ideo,
1049 2420 1153 2461 ‘Vae
1181 2421 1266 2463 illi!
1298 2436 1376 2476 per
1404 2435 1535 2475 quem
1563 2421 1821 2463 scandalum
1842 2419 1985 2473 venit,'
2016 2422 2042 2463 i.
2060 2435 2096 2462 e.
2126 2434 2194 2462 vae
2224 2419 2287 2461 illi

486 2501 738 2554 peccatori!
790 2513 869 2554 per
907 2499 1030 2552 cujus
1061 2507 1209 2541 actum
1241 2502 1406 2543 malum
1436 2501 1507 2542 vel
1537 2502 1721 2543 verbum
1753 2503 1925 2544 occasio
1960 2500 2131 2556 peccati
2165 2500 2288 2542 venit

487 2582 757 2631 scandalum,
790 2581 817 2622 i.
834 2595 870 2623 e.
895 2580 1065 2622 occasio
1093 2582 1263 2634 peccati
1294 2595 1372 2636 per
1401 2581 1524 2622 illum
1555 2582 1686 2632 venit,
1710 2583 1783 2636 qui
1817 2583 1983 2624 malum
2013 2581 2122 2623 illud
2152 2580 2286 2631 facit3

488 2663 606 2715 quod
648 2669 796 2704 movet
836 2661 946 2703 alios
989 2660 1047 2701 ad
1089 2661 1203 2702 male
1246 2661 1519 2716 loquendum
1563 2661 1633 2702 vel
1672 2663 1730 2704 ad
1778 2662 1894 2705 male
1933 2662 2195 2711 faciendum,
2237 2666 2287 2701 ut

489 2747 675 2784 testatur
705 2742 896 2785 Sanctus
916 2740 1166 2795 Jeronimus
1197 2755 1329 2795 super
1359 2741 1621 2794 Mattheum,
1651 2744 1767 2785 unde
1800 2747 1889 2785 ‘vae
1921 2742 2004 2784 illi!
2044 2754 2122 2794 per
2152 2753 2284 2795 quem
