2456 3210
491 218 570 247 100
989 211 1120 247 LOCI
1152 211 1191 245 E
1231 211 1395 251 LIBRO
1443 210 1787 246 VERJTATUM.

487 362 552 398 est
573 355 838 404 allocandus,
862 354 943 396 nisi
965 368 1118 396 sensus
1139 367 1271 408 quem
1293 359 1445 394 auctor
1472 352 1588 394 illius
1608 354 1834 408 scripturae
1854 353 1996 407 primo
2017 352 2286 404 intendebat,

488 442 533 477 et
554 437 651 490 quis
682 443 748 478 est
780 435 852 477 ille
884 449 1047 486 sensus,
1069 434 1200 476 debet
1226 434 1424 488 judicari,
1445 440 1494 475 ut
1515 434 1621 476 dicit
1650 434 1722 475 ille
1745 434 1988 488 episcopus,
2011 433 2068 475 ab
2093 433 2287 485 homine,

490 516 684 571 pollente
725 516 911 557 racione.
994 515 1109 556 Item
1154 515 1198 555 in
1245 514 1431 568 epistola
1471 528 1550 555 sua
1590 515 1767 564 directa,
1813 515 1857 555 in
1897 513 2039 564 titulo,
2081 513 2288 556 ‘Doctori

487 597 651 638 ordinis
687 597 870 638 fratrum
913 596 1130 637 minorum
1169 593 1377 644 Godard,'
1411 602 1541 637 vocat
1576 595 1886 649 praedicatores
1926 595 2162 636 modernos
2202 594 2290 636 cla-

487 684 678 719 matores
723 678 766 718 in
809 677 1003 731 pulpitis,
1039 683 1082 718 et
1123 682 1226 717 ante
1269 676 1389 716 illam
1433 675 1677 730 epistolam,
1714 676 1895 717 diversis
1938 676 2064 717 annis
2109 675 2288 730 illapsis,

486 757 738 811 praedicavit
775 757 1044 806 scandalose,
1078 758 1197 810 quod
1234 756 1427 811 episcopi
1468 756 1512 796 in
1547 755 1631 798 hoc
1663 756 1784 810 quod
1821 755 2015 810 episcopi
2050 761 2163 806 sunt,
2199 769 2287 797 non

486 844 691 879 tenentur
745 838 998 892 praedicare,
1039 838 1294 891 accipiendo
1338 837 1575 879 terminum
1617 831 1857 892 praedicar'e
1907 837 1950 878 in
2001 850 2080 878 sua
2119 836 2290 879 famosa

486 918 819 972 significacione.
897 918 1026 968 Item,
1063 918 1122 959 ibi
1164 924 1268 960 tunc
1309 918 1565 972 praedicavit
1606 918 1859 969 Londoniis,
1892 918 1936 958 in
1978 917 2136 959 eodem
2176 916 2287 966 loco,

486 999 542 1039 ad
582 1012 753 1040 crucem
790 998 1052 1040 sanctissimi
1086 998 1222 1046 Pauli,
1257 998 1376 1052 quod
1406 998 1600 1052 episcopi
1642 998 1861 1040 solventes
1898 998 2032 1052 Papae
2069 998 2286 1047 Romano,

486 1085 724 1133 antequam
775 1093 853 1133 per
896 1092 1060 1133 papam
1111 1079 1405 1121 admittantur
1448 1085 1498 1120 ut
1541 1079 1629 1120 sint
1680 1079 1885 1133 episcopi,
1932 1079 2126 1133 quinque
2167 1077 2289 1119 milia

489 1173 743 1209 marcarum,
767 1173 842 1200 seu
866 1159 1078 1214 majorem
1099 1174 1334 1209 summam,
1351 1173 1439 1201 non
1460 1166 1646 1214 peccant
1674 1160 1718 1201 in
1739 1159 1838 1210 hoc,
1861 1173 1940 1202 nec
1959 1159 2056 1201 haec
2075 1158 2289 1201 solvendo

487 1253 615 1293 papae
640 1240 804 1294 aliquid
834 1241 943 1282 dant
972 1254 1112 1295 papae,
1137 1247 1184 1281 ut
1206 1241 1300 1295 ipse
1331 1240 1452 1291 dicit,
1475 1241 1552 1282 sed
1583 1246 1757 1282 tantum
1779 1241 1977 1282 tribuunt
2006 1253 2146 1295 papae,
2169 1238 2289 1294 quod

486 1334 614 1374 papae
642 1327 722 1370 est,
756 1321 868 1362 sicut
903 1321 1056 1362 tribuit
1088 1321 1245 1375 aliquis
1279 1321 1467 1364 ballivus
1502 1335 1581 1362 suo
1617 1321 1812 1363 domino.
1885 1321 1999 1362 Haec
2034 1319 2290 1375 praedicavit

487 1400 547 1441 ibi
569 1400 821 1450 Londoniis,
841 1408 889 1443 ut
910 1407 1129 1443 testantur
1149 1402 1294 1456 plures
1316 1403 1391 1457 qui
1413 1416 1512 1443 eum
1534 1402 1806 1443 audiverunt.
1869 1401 1995 1450 Item,
2019 1407 2068 1442 ut
2089 1399 2292 1442 scribitur

488 1481 545 1521 de
578 1494 642 1529 eo,
668 1482 785 1534 quod
818 1495 905 1522 non
938 1488 1112 1524 tenetur
1144 1483 1240 1537 quis
1273 1483 1330 1524 ad
1364 1482 1631 1524 credendum
1662 1488 1826 1524 sanctae
1858 1481 2053 1523 ecclesiae
2083 1481 2291 1522 determi-

491 1560 673 1611 nacioni,
694 1562 771 1602 sed
794 1562 926 1603 debet
956 1563 1131 1604 credere
1153 1564 1271 1617 quod
1296 1563 1478 1605 ecclesia
1502 1562 1718 1605 catholica
1739 1569 1818 1604 est.
1881 1562 2009 1611 Item,
2032 1562 2151 1615 quod
2172 1561 2290 1602 bona
2342 1561 2345 1568 '

492 1640 798 1691 ecclesiastica,
824 1649 868 1684 et
908 1643 1076 1684 diviciae
1118 1645 1439 1698 episcoporum,
1473 1650 1517 1685 et
1553 1643 1739 1686 aliorum
1778 1643 1969 1684 virorum
2002 1642 2059 1683 de
2097 1640 2290 1693 ecclesia,

494 1734 580 1761 non
614 1727 714 1762 sunt
743 1721 860 1762 bona
891 1736 1145 1776 pauperum,
1181 1725 1258 1766 sed
1292 1731 1393 1766 sunt
1427 1725 1544 1765 bona
1580 1725 1640 1765 ita
1677 1724 1852 1778 propria
1887 1722 2290 1772 ecclesiasticorum,

492 1801 604 1841 sicut
635 1807 735 1841 sunt
766 1801 881 1842 bona
912 1804 1171 1857 temporalia
1207 1805 1380 1846 illorum
1416 1805 1605 1846 virorum
1641 1805 1715 1858 qui
1746 1804 1911 1845 habent
1951 1802 2026 1844 illa
2061 1817 2119 1844 ex
2150 1801 2290 1843 haere-

491 1881 640 1930 ditate,
665 1887 709 1922 et
730 1880 814 1921 alia
837 1881 974 1923 multa
996 1883 1100 1924 talia
1131 1885 1259 1935 mala,
1283 1893 1331 1927 ut
1363 1885 1563 1926 scribitur
1592 1899 1617 1926 a
1648 1884 1844 1938 pluribus
1874 1883 2080 1937 personis,
2102 1894 2290 1936 quorum
2363 1881 2366 1885 ’

492 1961 652 2014 scripta
684 1967 785 2001 sunt
818 1963 1038 2003 autentica
1059 1978 1109 2004 ac
1136 1966 1394 2007 credulitate
1415 1965 1551 2019 digni.
1611 1964 1777 2006 Audivi
1809 1970 1913 2004 tunc
1943 1969 2108 2017 postea,
2131 1962 2288 2003 eodem

487 2055 606 2082 anno
638 2041 818 2082 Domini
850 2042 985 2082 nostri
1016 2043 1119 2095 Jesu
1154 2045 1231 2086 Xti
1266 2053 1385 2098 1457,
1416 2060 1442 2087 a
1473 2045 1668 2099 quodam
1701 2044 1920 2097 magistro,
1951 2042 2064 2083 illius
2095 2041 2290 2097 episcopi

489 2122 667 2170 scolare,
705 2122 824 2176 quod
866 2122 938 2162 ille
982 2123 1208 2178 episcopus
1250 2125 1526 2180 Reginaldus
1566 2131 1700 2174 tenet,
1736 2131 1780 2166 et
1823 2123 1948 2179 ponit
1987 2124 2031 2164 in
2067 2122 2178 2164 libro
2209 2135 2291 2163 suo

492 2202 562 2243 De
599 2202 721 2254 Fide,
757 2203 876 2256 quod
907 2202 1041 2244 homo
1079 2211 1251 2246 tenetur
1282 2207 1471 2253 credere,
1505 2220 1580 2248 seu
1612 2205 1790 2247 obedire
1821 2202 2178 2246 determinacioni
2219 2215 2289 2244 ec-

490 2282 645 2334 clesiae‚
681 2283 771 2323 sive
807 2282 990 2324 ecclesia
1030 2291 1156 2334 erret,
1191 2286 1280 2327 sive
1318 2300 1407 2328 non
1444 2292 1558 2328 erret
1591 2286 1634 2327 in
1672 2299 1751 2327 sua
1791 2283 2175 2332 determinacione,
2206 2282 2289 2323 nisi

488 2362 623 2404 homo
658 2362 820 2404 habeat
851 2363 1138 2405 sufficientem
1171 2368 1484 2420 excepcionem
1515 2381 1650 2421 quare
1686 2379 1773 2407 non
1805 2366 2012 2414 crederet,
2046 2377 2122 2405 seu
2152 2376 2289 2417 quare

490 2457 576 2484 non
612 2443 813 2485 obediret
846 2443 1205 2486 determinacioni
1242 2446 1448 2488 ecclesiae.
1525 2448 1638 2489 Haec
1674 2447 1819 2501 ipsum
1855 2445 2108 2500 episcopum
2139 2450 2290 2485 tenere

489 2524 672 2565 asseruit
689 2523 820 2565 michi
834 2524 1070 2577 praedictus
1088 2526 1295 2578 magister
1311 2541 1413 2567 suus
1430 2527 1629 2578 scolaris3
1653 2533 1697 2568 et
1718 2532 1812 2568 tum
1826 2526 1982 2567 beatus
1995 2522 2287 2578 Augustinus,

487 2602 598 2643 libro
634 2617 713 2644 suo
755 2609 906 2645 contra
945 2603 1094 2644 omnia
1134 2618 1266 2658 opera
1303 2606 1502 2647 Petiliani
1542 2607 1736 2648 haeretici
1768 2611 1813 2647 et
1856 2604 2048 2659 episcopi
2079 2602 2289 2644 Donatis-

489 2687 645 2734 tarum,
667 2690 856 2725 testatur
875 2684 994 2737 quod
1027 2682 1116 2725 falli
1148 2691 1297 2738 potest
1328 2686 1444 2726 orbis
1475 2693 1687 2727 terrarum
1713 2688 1769 2728 de
1795 2685 2025 2728 hominum
2046 2683 2287 2738 iniquitate,

489 2763 565 2803 scd
599 2776 684 2804 non
708 2765 761 2805 de
794 2764 894 2805 fidei
923 2765 1118 2806 veritate.
1183 2764 1294 2807 Haec
1316 2765 1375 2806 ibi
1399 2779 1583 2819 magnus
1605 2767 1758 2809 doctor
1780 2766 1970 2809 Sanctus
1995 2762 2284 2818 Augustinus,
