2456 3210
383 180 436 236 36
883 183 1015 221 LOCI
1051 184 1090 220 E
1129 183 1292 219 LIBRO
1341 180 1685 219 VERITATUM.

379 334 589 382 optamus
620 334 664 370 et
695 328 977 369 obsecramus
1007 335 1056 369 ut
1087 341 1165 381 per
1196 333 1389 367 vestram
1420 326 1729 367 auctoritatem
1757 325 1818 368 sic
1847 339 1876 367 a
1907 324 2035 367 nobis
2064 337 2191 379 sepa·

384 415 535 450 rentur
569 415 613 450 et
646 423 673 450 a
708 409 915 450 domibus
955 410 1126 458 nostris,
1158 414 1208 448 ut
1244 420 1470 460 nunquam
1502 406 1746 448 habeamus
1781 407 2056 448 occasionem
2092 419 2194 460 pec-

384 490 513 531 candi
564 503 664 530 cum
713 491 786 537 eis,
833 503 914 531 nec
955 490 1062 543 ipsae
1104 489 1306 530 mulieres
1351 487 1607 529 concubinae
1657 487 1931 529 occasionem
1981 486 2194 540 peccandi

379 571 579 620 ,habeant
619 584 698 624 per
738 585 817 612 nos
857 585 956 612 cum
998 571 1049 611 iis
1090 568 1441 611 cohabitantes?
1497 575 1543 610 et
1583 569 1815 622 episcopus
1855 566 2224 608 abhominabilis-

379 651 613 704 *memoriae
643 651 937 705 respondebat
968 651 1042 701 eis,
1065 654 1075 671 ‘
1092 651 1197 692 Non
1221 650 1323 691 volo
1354 650 1596 691 concedere
1621 650 1740 703 quod
1762 648 2018 690 concubinae
2037 653 2196 688 vestrae

387 745 468 773 nec
504 746 530 773 a
566 732 690 773 vobis
725 745 804 773 nec
839 746 865 773 a
901 732 1107 773 domibus
1143 732 1298 772 vestris
1334 737 1591 784 separentur
1626 722 1706 771 nec
1741 729 1934 783 separari
1969 733 2194 782 cogantur,

388 812 491 865 quia
540 818 647 853 tunc
692 826 776 867 ego
820 819 965 854 vester
1014 813 1245 866 episcopus
1289 812 1520 865 perderem
1572 811 1799 852 annuatim
1850 810 2196 864 quadringentas

391 905 560 933 marcas
599 906 708 946 quas
744 893 906 946 recipio
945 893 1173 934 annuatim
1215 892 1258 933 in
1300 892 1464 933 diocesi
1505 905 1604 933 mea
1645 905 1724 944 pro
1765 890 2019 932 concubinis
2059 902 2199 931 sacer-

387 973 576 1023 dotum3
621 973 679 1014 de
715 973 912 1026 quolibet
950 973 1064 1014 enim
1108 973 1336 1014 sacerdote
1376 971 1565 1026 plurium
1598 972 1876 1012 sacerdotum
1918 971 2080 1024 recipio
2117 975 2198 1011 ‘an-'-

390 1053 558 1094 nuatim
595 1067 729 1094 unum
767 1053 913 1095 nobile
947 1053 1015 1095 vel
1053 1053 1168 1094 ultra
1208 1067 1288 1107 pro
1323 1060 1403 1093 sua
1438 1052 1692 1102 concubina,
1729 1058 1774 1092 et
1810 1051 1884 1092 illa
1924 1064 2098 1091 summa
2136 1051 2199 1092 sic

390 1134 618 1175 annuatim
650 1140 825 1188 recepta
855 1135 997 1175 bursae
1030 1148 1139 1175 meae
1175 1134 1404 1175 contendit
1434 1146 1481 1174 se
1512 1132 1738 1173 annuatim
1769 1132 1826 1172 ad
1857 1131 2200 1184 quadringentas

394 1227 573 1265 marcas,
615 1220 658 1255 et
710 1215 810 1255 ideo
860 1229 948 1256 non
999 1215 1102 1255 volo
1157 1229 1231 1256 eas
1283 1229 1310 1255 a
1357 1214 1485 1255 vobis
1535 1210 1753 1267 separari.'
1834 1212 1896 1253 Et
1948 1212 2200 1253 sacerdotes

391 1294 602 1335 dixerunt
632 1295 840 1349 episcopo
871 1295 931 1335 illi
956 1294 1108 1337 Sancti
1135 1295 1280 1336 David
1312 1295 1355 1335 in
1377 1293 1549 1343 Wallia,
1571 1295 1580 1313 ‘
1599 1292 1639 1334 O
1666 1292 1845 1333 domine
1876 1292 2091 1345 episcope,
2120 1305 2201 1332 nos

392 1380 599 1426 optamus
630 1374 727 1416 illas
758 1376 944 1429 separari
976 1390 1002 1416 a
1037 1376 1175 1426 nobis,
1207 1381 1252 1415 et
1283 1375 1390 1429 ipsae
1418 1373 1672 1415 concubinae
1704 1385 1790 1412 non
1821 1371 1975 1413 volunt
2006 1372 2198 1425 separari

394 1467 421 1493 a
452 1454 591 1503 nobis,
625 1468 702 1496 nec
731 1469 758 1496 a
788 1455 994 1496 domibus
1026 1457 1196 1502 nostris,
1231 1455 1309 1496 sed
1339 1454 1493 1495 volunt
1521 1465 1700 1494 manere
1727 1452 1772 1493 in
1803 1452 2011 1492 domibus
2041 1452 2204 1493 nostris

394 1540 440 1573 et
470 1534 621 1574 nutriri
655 1535 782 1575 bonis
813 1536 982 1585 nostris,
1009 1536 1205 1585 velimus,
1238 1534 1456 1584 nolimus3
1498 1540 1543 1574 et
1580 1533 1690 1583 ideo,
1727 1532 1830 1585 quia
1865 1544 1952 1572 non
1985 1531 2200 1572 audemus

388 1626 471 1653 *eas
498 1614 722 1667 expellere
749 1622 928 1668 propter
961 1622 1127 1657 metum
1156 1628 1335 1656 suorum
1366 1614 1607 1655 amicorum
1640 1612 1715 1665 qui
1749 1612 1811 1652 eis
1844 1611 1995 1652 favent
2025 1617 2074 1652 ut
2106 1625 2201 1652 ma-

396 1699 530 1734 neant
562 1694 606 1734 in
640 1695 845 1735 domibus
880 1697 1051 1744 nostris,
1078 1695 1177 1736 ideo
1210 1708 1429 1748 rogamus,
1460 1700 1509 1734 ut
1545 1705 1624 1746 per
1653 1705 1744 1741 VOS,
1769 1691 1948 1732 domine
1980 1691 2200 1745 episcope,

394 1780 652 1827 separentur
681 1787 706 1813 a
735 1775 862 1815 nobis
892 1781 936 1816 et
963 1789 990 1816 a
1020 1776 1226 1816 domibus
1255 1772 1459 1816 nostris!'
1496 1779 1540 1814 et
1568 1772 1797 1826 episcopus
1824 1771 1941 1812 dixit
1973 1771 2046 1822 eis,
2068 1773 2077 1791 ‘
2094 1771 2200 1812 Non

393 1854 496 1895 volo
532 1854 795 1907 compellere
836 1869 909 1896 eas
945 1857 1135 1909 separari
1171 1871 1197 1897 a
1231 1855 1358 1896 vobis
1392 1854 1497 1907 quia
1528 1859 1635 1894 tunc
1668 1865 1753 1905 ego
1794 1851 2023 1905 episcopus
2055 1858 2203 1893 vester

395 1935 626 1988 perderem
659 1935 804 1988 plures
836 1936 1041 1989 pecunias
1068 1934 1325 1977 annuatim.'
1377 1934 1438 1975 Et
1466 1934 1550 1974 iste
1581 1938 1648 1974 est
1670 1932 1901 1986 episcopus
1924 1931 1995 1972 De
2025 1931 2068 1972 la
2089 1932 2200 1973 Bere

394 2015 468 2068 qui
510 2014 626 2056 male
665 2014 747 2056 fuit
786 2016 985 2068 provisus
1025 2016 1067 2056 in
1109 2017 1373 2057 decanatum
1414 2013 1609 2055 ecclesiae
1644 2011 1878 2053 Wellensis
1917 2024 1996 2065 per
2034 2025 2199 2065 papam

397 2094 665 2136 Nicholaum
694 2096 899 2148 quintum
931 2097 1066 2137 invito
1092 2095 1285 2149 capitulo
1315 2095 1430 2135 illius
1463 2093 1668 2143 ecclesiae,
1692 2098 1760 2134 set
1790 2104 1878 2132 non
1908 2091 1967 2132 ibi
1999 2098 2200 2145 receptus

397 2175 479 2216 fuit
521 2189 573 2217 eo
615 2176 734 2228 quod
775 2176 923 2217 timuit
964 2182 1150 2217 mortem
1182 2189 1308 2216 suam
1349 2174 1515 2215 ibidem
1555 2172 1806 2220 violentam,
1844 2177 1888 2213 et
1924 2177 2081 2225 postea
2116 2171 2199 2216 fuit

397 2259 588 2312 pessime
622 2269 701 2309 per
733 2256 925 2296 eundem
966 2269 1128 2309 papam
1170 2257 1366 2309 provisus
1401 2255 1445 2295 in
1475 2253 1775 2306 episcopatum
1809 2251 2123 2293 Menevensem
2153 2252 2199 2293 in

396 2339 568 2386 Wallia,
590 2351 643 2378 eo
674 2337 794 2390 quod
827 2349 906 2377 rex
927 2335 1104 2389 Angliae
1134 2337 1352 2377 Henricus
1378 2334 1556 2381 Sextus,
1581 2333 1656 2386 qui
1689 2338 1844 2386 postea
1872 2332 1954 2374 fuit
1983 2331 2200 2375 alienatus

395 2433 423 2460 a
464 2424 613 2459 mente
653 2430 744 2465 sua,
782 2415 1025 2457 licenciavit
1066 2416 1267 2463 eundem,
1306 2413 1682 2455 eleemosinarium
1723 2425 1850 2453 suum
1886 2412 1957 2453 De
1998 2410 2043 2453 la
2074 2411 2198 2460 Bere,

396 2504 628 2552 acceptare
677 2510 806 2551 papae
856 2496 1149 2549 provisionem
1195 2497 1238 2536 in
1280 2495 1496 2535 decanatu
1538 2491 1710 2533 Welliae
1755 2498 1800 2534 et
1849 2494 1894 2535 in
1942 2492 2198 2546 episcopatu

401 2578 656 2619 Menevensi
687 2578 731 2618 in
758 2575 930 2625 Wallia,
963 2575 986 2616 i.
1009 2588 1046 2616 e.
1068 2575 1150 2616 loci
1184 2574 1323 2615 sancti
1357 2573 1541 2614 Davidis
1573 2572 1779 2625 episcopi.

513 2663 557 2707 [p.
582 2663 672 2707 387]
722 2655 945 2710 Johannes
973 2654 1124 2708 Kemp
1156 2655 1212 2695 de
1242 2652 1420 2702 Cancia,
1449 2652 1680 2705 episcopus
1709 2650 1942 2701 Roffensis,
1968 2655 2013 2692 et
2042 2655 2200 2704 postea

401 2736 694 2789 cicestrensis,
716 2744 759 2779 et
792 2743 946 2791 postea
981 2733 1313 2782 Londoniensis,
1338 2738 1380 2773 et
1412 2732 1571 2773 deinde
1605 2731 1895 2772 Eboracensis
1924 2729 2016 2780 fuit,
2044 2733 2090 2770 et
2119 2741 2198 2782 per
