2456 3210
707 327 839 363 LOCI
872 327 912 362 E
950 326 1116 362 LIBRO
1162 325 1508 362 VERITATUM.
1930 316 2009 359 147

206 469 423 513 vixerunt.
483 470 584 512 Tali
615 470 691 525 qui
724 470 895 513 exaltat
928 470 972 511 in
1005 469 1191 512 ecclesia
1225 483 1314 512 non
1348 468 1614 511 exaltandos
1643 465 1849 507 dicuntur
1877 457 2012 500 verba

208 549 401 600 Domini,
426 550 586 594 Ezech.
612 563 663 593 21
685 565 695 593 :
730 553 741 572 ‘
754 551 824 593 Tu
845 551 1073 606 prophane
1094 558 1140 593 et
1159 550 1294 606 impie
1315 552 1422 601 dux,
1444 562 1580 604 auges
1599 545 1796 595 cidarim,
1816 537 1914 584 etc?

324 629 446 672 Olim
474 631 592 672 enim
619 631 761 673 sancti
787 644 917 685 papae
943 631 1144 673 videntes
1172 631 1440 673 monasteria
1465 630 1611 671 vivere
1640 626 1772 673 laute,
1794 628 1839 664 et
1870 619 2011 662 multo

207 709 334 764 plura
373 711 492 752 bona
525 710 690 752 habere
729 724 863 764 quam
896 711 1047 752 usibus
1088 725 1239 752 eorum
1279 710 1523 753 necessaria
1562 712 1698 755 erant,
1730 704 2012 745 retraxerunt

206 791 266 832 ab
299 791 362 832 eis
395 790 520 845 plura
557 791 686 840 bona,
721 804 821 844 quae
858 804 946 832 non
982 798 1108 833 erant
1140 792 1203 833 eis
1236 790 1492 841 necessaria,
1522 788 1599 830 sed
1635 784 1787 840 pocius
1819 795 1895 824 eos
1930 780 2011 821 im-

206 870 450 926 pediebant
482 870 759 912 solicitudine
795 871 940 922 nimia,
974 877 1019 913 et
1056 872 1157 913 ideo
1187 872 1327 914 saneti
1358 884 1489 925 papae
1524 867 1741 911 dederunt
1771 863 1847 905 illa
1878 863 2008 910 bona,

207 952 358 1002 usibus
394 965 544 993 eorum
577 965 666 992 non
700 951 958 1001 necessaria,
989 952 1087 993 aliis
1121 952 1224 994 viris
1257 952 1398 1003 bonis,
1428 950 1642 993 doctrinae
1678 952 1724 988 et
1759 941 2011 986 necessitati

206 1031 437 1073 hominum
475 1031 762 1074 vacantibus:
809 1032 1013 1074 dominus
1057 1032 1175 1074 enim
1214 1046 1331 1087 papa
1374 1032 1650 1086 dispensator
1689 1032 1756 1068 est
1793 1024 2011 1066 bonorum

206 1125 307 1166 quae
337 1112 672 1154 committuntur
701 1111 906 1164 ecclesiae,
927 1113 1046 1154 unde
1076 1127 1129 1154 ea
1155 1113 1200 1154 in
1226 1112 1325 1154 illos
1350 1126 1454 1154 usus
1483 1116 1632 1166 potest
1657 1119 1776 1163 papa
1803 1102 2009 1150 Conferre,

207 1197 254 1233 et
284 1191 370 1232 illis
401 1190 653 1233 hominibus
687 1192 764 1246 qui
800 1192 956 1234 melius
991 1199 1188 1247 possunt,
1217 1192 1372 1244 sciunt,
1407 1199 1452 1235 et
1480 1191 1638 1233 volunt
1666 1189 1785 1230 bona
1815 1183 2011 1226 eccloeiae

206 1272 266 1314 ad
305 1271 483 1318 laudem
518 1272 604 1313 Dei
636 1278 682 1314 et
715 1272 772 1314 ad
812 1273 1060 1314 animarum
1100 1272 1290 1315 salutem
1320 1273 1476 1315 melius
1511 1270 1794 1326 expendere3
1839 1273 1885 1308 et
1914 1265 2010 1306 haec

206 1351 413 1394 alienatio
444 1352 662 1394 bonorum
696 1367 725 1394 a
760 1353 889 1395 certis
923 1353 1025 1394 viris
1070 1360 1115 1395 et
1154 1353 1331 1396 collatio
1370 1353 1610 1396 eorundem
1654 1350 1874 1392 bonorum
1913 1345 2010 1387 aliis

206 1431 471 1484 hominibus,
499 1439 682 1475 vocatur
716 1434 981 1475 commenda
1011 1433 1227 1475 bonorum
1258 1434 1464 1483 ecclesiae,
1500 1447 1577 1475 seu
1607 1430 1783 1473 collatio
1814 1428 1859 1469 in
1889 1439 2010 1469 com·

208 1513 445 1565 mendam;
485 1519 530 1555 et
565 1513 627 1555 sic
659 1513 863 1555 dominus
894 1528 1011 1568 papa
1044 1514 1253 1557 alienavit
1287 1515 1532 1556 dominium
1565 1513 1622 1555 de
1656 1507 1919 1562 Bernalwyk
1951 1506 2009 1548 ab

206 1592 418 1635 abbathia
442 1593 500 1634 de
522 1593 783 1647 Kyrkestall
811 1601 856 1636 et
883 1594 1035 1636 abbati
1059 1594 1257 1648 ejusdem
1288 1594 1514 1637 licenciam
1543 1590 1765 1634 alienandi
1795 1586 1993 1632 contulit.

321 1678 490 1723 [p.159.]
549 1674 763 1729 Religiosi
796 1675 914 1716 enim
950 1674 1096 1728 plures
1135 1675 1179 1716 in
1215 1689 1295 1716 sua
1324 1675 1588 1716 fundacione
1622 1672 1731 1715 citra
1764 1683 1899 1724 opera
1929 1681 2010 1708 sua

207 1753 451 1807 spiritualia
484 1753 746 1796 laborabant
780 1755 870 1796 suis
905 1755 1120 1804 manibus,
1159 1761 1205 1797 et
1246 1770 1304 1797 ex
1337 1755 1414 1797 illo
1449 1755 1600 1797 labore
1633 1752 1852 1801 vixerunt,
1884 1754 1929 1790 et
1963 1747 2007 1788 in

207 1847 288 1875 sua
330 1833 606 1884 fundacione,
655 1841 700 1876 et
740 1849 899 1889 parvos
945 1836 1144 1877 redditus
1189 1842 1233 1877 et
1272 1850 1436 1891 paucos
1476 1849 1605 1890 agros
1648 1833 1907 1879 habuerunt,
1950 1842 2008 1869 ex

208 1913 366 1967 quibus
395 1914 602 1956 vixerunt
631 1929 720 1957 una
750 1929 852 1957 cum
884 1916 1061 1970 proprio
1092 1916 1243 1958 labore
1278 1931 1502 1959 manuum.
1574 1915 1691 1957 Novi
1723 1913 1841 1955 enim
1870 1923 2008 1951 unum

209 1994 366 2045 locum,
397 1995 472 2048 qui
508 2009 567 2036 ex
599 2010 679 2038 sua
714 1996 978 2039 fundacione
1013 1997 1260 2041 habuerunt
1290 2005 1428 2040 terras
1467 2004 1513 2040 et
1551 2010 1680 2052 agros
1719 1995 1777 2037 ad
1811 1992 2007 2035 valorem

208 2074 442 2128 sexaginta
476 2074 697 2127 librarum,
733 2083 779 2119 et
814 2077 925 2119 infra
959 2091 1124 2132 paucos
1164 2092 1304 2120 annos
1338 2079 1535 2133 pecuniis
1569 2082 1771 2120 emerunt
1809 2071 2008 2115 redditus

210 2154 330 2196 mille
361 2168 630 2208 marcarum3
666 2158 885 2200 dabantur
919 2159 1034 2200 enim
1066 2159 1128 2200 eis
1157 2159 1275 2201 bona
1309 2165 1359 2201 ut
1393 2174 1473 2201 sua
1505 2157 1748 2201 necessaria
1778 2154 2004 2199 habentes,

209 2235 382 2276 residua
417 2235 514 2277 aliis
548 2238 906 2289 ministrarentur,
944 2246 989 2281 et
1023 2240 1244 2294 praecipue
1284 2240 1447 2283 sanctis
1486 2239 1751 2295 pauperibus
1790 2234 1865 2289 qui
1905 2233 2006 2273 doc·

208 2316 334 2358 trinae
367 2322 412 2357 et
442 2323 606 2359 sanctae
634 2318 736 2360 vitae
766 2325 812 2361 et
841 2326 1080 2374 augmento
1116 2320 1310 2362 scientiae
1338 2327 1510 2363 vacant.
1572 2318 1859 2362 conferentes
1887 2312 2004 2354 enim

209 2396 327 2437 bona
367 2395 579 2449 religiosis
617 2404 662 2439 et
701 2399 895 2453 collegiis
939 2407 984 2441 et
1023 2400 1238 2452 cantariis,
1279 2414 1366 2442 non
1406 2407 1590 2455 possunt
1639 2395 1851 2452 impedire
1898 2392 2004 2446 quin

210 2475 370 2517 collata
403 2489 484 2529 per
510 2489 585 2518 eos
613 2477 701 2520 sint
727 2479 773 2520 in
799 2479 1093 2535 disposicione
1123 2494 1264 2534 papae,
1288 2487 1333 2522 et
1362 2482 1481 2535 quod
1512 2481 1684 2522 subsint
1710 2479 1803 2532 ejus
1822 2479 2002 2532 judicio,

210 2556 285 2609 qui
318 2555 437 2609 quod
464 2555 632 2609 justum
665 2558 839 2601 videtur
870 2574 1017 2602 coram
1052 2562 1151 2603 Deo
1183 2561 1379 2615 judicare
1413 2563 1558 2612 debet,
1591 2567 1636 2603 et
1666 2561 1741 2605 illa
1769 2560 1887 2601 bona
1915 2561 2004 2602 dis-

210 2649 373 2691 ponere
402 2642 452 2678 ut
490 2636 656 2678 bonum
690 2639 863 2682 videtur
902 2642 945 2683 in
982 2641 1148 2695 judicio
1188 2655 1268 2683 suo
1307 2656 1453 2684 coram
1490 2643 1604 2684 Deo.
1679 2641 1833 2694 Nuper
1870 2641 2001 2691 enim,

210 2730 322 2757 unus
349 2716 468 2770 prior
496 2716 734 2771 religiosus,
761 2719 930 2763 habens
960 2723 1034 2776 xvj
1068 2722 1273 2764 ecclesias
1303 2723 1400 2765 loco
1427 2738 1507 2765 suo
1537 2721 1850 2777 appropriatas,
1879 2721 2004 2763 dedit

211 2802 256 2838 et
296 2797 511 2838 concessit
550 2811 757 2851 magnam
795 2802 1054 2854 pensionem
1100 2803 1335 2845 annualem
1376 2805 1550 2846 cuidam
1591 2802 1771 2854 legistae,
1805 2800 1881 2855 qui
1923 2815 2003 2843 ex-

211 2877 384 2930 equitur
423 2877 632 2919 mandata
676 2879 867 2935 episcopi
908 2882 951 2923 in
996 2897 1158 2937 magno
1207 2883 1349 2927 officio
1393 2884 1522 2927 curiae
1564 2881 1916 2934 Christianitatis
1956 2891 2002 2927 et

1070 2962 1100 2994 U
1127 2964 1149 2992 2
