2456 3210
494 275 575 332 138
997 282 1130 318 LOCI
1162 283 1202 317 E
1240 283 1406 319 LIBRO
1452 283 1653 320 VERJTA
1665 283 1797 321 TUM.

491 425 535 466 in
571 439 659 479 qua
694 426 891 468 maxime
921 425 1283 478 delectabantur3
1324 428 1436 469 sicut
1470 427 1807 482 putrifacciones
1837 434 1882 470 et
1916 428 2213 483 corruptiones
2249 428 2294 470 in

491 506 701 548 membris
741 507 930 558 secretis,
963 512 1008 549 et
1048 508 1431 562 consumptionem
1467 509 1671 563 corporis,
1704 515 1749 551 et
1783 523 1902 564 saepe
1942 509 2199 551 occiduntur
2235 509 2294 551 ab

488 569 574 628 illis
604 601 704 629 cum
735 587 896 642 quibus
929 595 1230 642 peccaverunt,
1252 594 1300 630 ut
1331 590 1516 643 cognovi
1546 589 1590 630 in
1613 589 1846 644 juventute
1876 603 1975 631 mea
2002 603 2135 631 unam
2166 589 2295 631 muli-

489 680 607 709 erem
649 682 907 722 suspensam
942 668 1086 720 fuisse,
1122 669 1226 723 quia
1267 668 1310 710 in
1347 675 1477 711 nocte
1516 669 1560 711 in
1590 670 1708 713 lecto
1741 671 1902 713 occidit
1935 670 2293 713 concubinarium

489 761 629 800 suum,
653 755 697 791 et
724 749 842 791 bona
871 762 952 790 sua
981 749 1140 791 furtive
1166 749 1347 803 accepit.
1409 750 1608 792 Luxuria
1638 734 1796 805 polluit
1823 765 1993 806 corpus,
2020 751 2294 805 depauperat

489 841 607 882 opes,
627 835 802 883 separat
829 829 1024 871 animam
1049 843 1076 871 a
1097 830 1210 880 Deo,
1233 830 1337 872 facit
1363 829 1591 873 hominem
1611 831 1806 874 debilem
1834 833 1877 873 in
1897 831 2060 873 viribus
2087 830 2290 886 corporis,

488 909 593 951 facit
629 910 768 952 eciam
803 910 1031 952 hominem
1066 909 1259 953 debilem
1299 911 1343 952 in
1385 911 1533 964 oculis,
1569 918 1614 954 et
1653 912 1845 955 debilem
1882 913 1925 953 in
1961 912 2066 963 visu,
2101 917 2147 954 et
2186 911 2292 954 facit

486 989 713 1033 hominem
743 991 950 1034 acerbum
983 1005 1079 1034 esse
1113 998 1157 1034 et
1191 1000 1371 1034 raucum
1402 992 1446 1034 in
1476 1007 1613 1045 voce3
1655 994 1773 1036 unde
1807 994 1891 1036 ista
1926 1007 2007 1036 sex
2039 992 2156 1035 mala
2190 1006 2291 1047 quae

486 1078 729 1126 sequuntur
758 1073 982 1115 luxuriam
1013 1073 1292 1115 continentur
1326 1074 1371 1115 in
1401 1074 1655 1116 versibus—

811 1163 946 1196 ‘Luxus
969 1173 1100 1206 corpus,
1122 1174 1214 1206 opes,
1239 1164 1377 1204 animas,
1402 1165 1480 1203 vim,
1501 1164 1637 1205 lumina,
1661 1175 1770 1205 vocer„

835 1230 970 1268 Polluit,
993 1229 1168 1268 adnihilat,
1191 1235 1298 1271 necat,
1321 1230 1430 1273 eripit,
1454 1231 1552 1263 orbat
1576 1231 1649 1273 (i.e.
1671 1231 1805 1274 privat),
1829 1231 1983 1264 acerbat.¹

602 1315 654 1359 [p.
684 1314 755 1360 54.]
802 1307 1005 1351 Plurimis
1032 1309 1116 1351 hoc
1144 1309 1302 1360 evidet,
1325 1317 1369 1353 et
1393 1323 1509 1352 anno
1531 1309 1711 1351 Domini
1737 1317 1857 1362 1450,
1884 1310 2062 1364 quando
2087 1303 2291 1353 homines

485 1390 542 1431 de
579 1389 865 1444 Hungerford
902 1396 947 1432 et
978 1384 1166 1444 Nubery
1195 1390 1371 1445 publice
1410 1390 1602 1433 latrones
1641 1389 1827 1442 fuerunt,
1860 1404 1973 1431 unus
2003 1403 2156 1432 eorum
2186 1399 2287 1433 cum'

485 1469 663 1512 cultello
688 1485 768 1513 suo
793 1471 923 1513 scidit
951 1472 1150 1513 membra
1177 1477 1345 1514 secreta
1373 1477 1418 1514 et
1438 1478 1636 1514 ventrem
1658 1470 1785 1512 unius
1809 1469 1968 1524 puellae
1988 1470 2034 1525 xj
2058 1485 2286 1522 annorum,

485 1564 538 1591 eo
573 1551 693 1604 quod
730 1552 824 1605 ipse
860 1552 991 1593 miser
1025 1553 1322 1595 concumbens
1359 1560 1459 1595 cum
1495 1565 1548 1594 ea
1586 1565 1674 1593 non
1709 1550 1853 1606 potuit
1889 1564 2152 1606 cognoscere
2187 1562 2287 1594 eam

483 1631 723 1673 carnaliter.

600 1717 653 1761 [p.
676 1717 749 1760 64.]
782 1712 897 1754 Illud
926 1713 1134 1767 scriptum
1156 1711 1327 1769 (contra
1355 1711 1607 1769 luxuriam),
1628 1727 1686 1754 ex
1712 1725 1843 1753 manu
1872 1725 1951 1753 sua
1977 1712 2164 1767 propria,
2186 1725 2287 1767 ego,

483 1791 681 1832 Thomas
713 1791 974 1847 Gascoigne,
1005 1794 1095 1835 vidi
1124 1794 1328 1844 Oxoniae‚
1356 1809 1473 1837 anno
1504 1794 1583 1835 Χιο
1609 1800 1728 1847 1455,
1760 1799 1804 1835 et
1835 1799 1902 1834 est
1932 1793 2046 1834 inter
2077 1793 2283 1844 Minores,

482 1873 528 1913 in
558 1872 670 1914 libro
701 1873 944 1926 registrato,
977 1873 1087 1915 ΕΡΠΒ.
1112 1874 1313 1917 Lincoln.
1338 1869 1373 1916 I.
1435 1875 1496 1916 Et
1528 1875 1731 1916 dominus
1763 1873 2080 1915 Lincolniensis
2112 1874 2285 1929 scripsit

481 1952 589 1994 illud
622 1953 832 2007 scriptum
861 1959 1014 1995 contra
1043 1954 1266 1997 luxuriam
1294 1970 1426 1997 manu
1458 1970 1536 1997 sua
1566 1955 1742 2009 propria
1771 1954 1814 1995 in
1840 1954 1951 1995 libro
1981 1961 2083 2008 post
2114 1955 2284 1997 dictum

480 2034 711 2075 dominum
748 2033 1102 2076 Lincolniensem
1138 2036 1265 2090 xxiij,
1305 2042 1349 2078 et
1382 2043 1532 2078 tamen
1568 2035 1675 2077 illud
1716 2035 1926 2089 scriptum
1966 2035 2134 2076 domini
2176 2036 2283 2077 Lin-

479 2110 712 2156 colniensis
748 2127 849 2155 cum
886 2127 1017 2155 manu
1055 2129 1131 2156 sua
1163 2117 1338 2171 propria
1373 2123 1526 2159 contra
1554 2115 1773 2157 luxuriam
1805 2129 1892 2156 non
1924 2122 1991 2157 est
2023 2116 2068 2157 in
2099 2128 2286 2159 numero·

480 2195 696 2237 dictorum
738 2208 928 2246 suorum,
970 2195 1047 2236 sed
1090 2203 1156 2238 est
1206 2211 1317 2251 opus
1367 2211 1446 2251 per
1489 2211 1537 2238 se
1586 2196 1854 2245 distinctum,
1895 2196 2107 2250 scriptum
2147 2203 2282 2239 manu

478 2275 655 2329 propria
691 2274 856 2316 domini
894 2274 1215 2317 Lincolniensis
1251 2283 1402 2318 contra'
1437 2275 1686 2326 luxuriam3
1727 2281 1771 2317 et
1807 2275 1913 2317 illud
1954 2277 2164 2331 scripturn
2190 2277 2282 2319 -do·²

480 2355 587 2396 mini
614 2354 944 2406 Lincolniensis,
975 2355 1166 2397 doctoris
1196 2356 1381 2399 Roberti
1405 2356 1642 2404 Grosteste‚
1666 2362 1733 2397 est
1764 2356 1876 2398 inter
1905 2355 2058 2399 fratres
2090 2357 2283 2400 minores

480 2436 684 2487 Oxoniae‚
708 2437 752 2478 in
782 2435 866 2478 hoc
895 2435 1091 2490 registro,
1115 2437 1225 2479 Epufl.
1250 2430 1450 2479 Lincoln.
1477 2435 1514 2486 Ι,
1537 2435 1714 2483 scilicet,
1737 2435 1842 2478 folio
1873 2437 2080 2479 vicesimo
2107 2438 2277 2492 quinto,

477 2524 527 2559 ut
562 2518 651 2559 vidi
688 2532 804 2560 anno
830 2517 910 2559 Xti
937 2525 1057 2571 1455,
1088 2524 1189 2571 post
1226 2523 1413 2560 mortem
1444 2515 1647 2558 Nicholai
1678 2530 1817 2571 papae,
1844 2517 1888 2558 in
1921 2518 2044 2572 cujus
2078 2523 2279 2573 tempore

476 2597 558 2639 fuit
603 2612 745 2640 annus
789 2597 993 2653 jubileus,
1036 2603 1080 2639 et
1129 2598 1519 2653 quinquagesimus
1571 2596 1740 2648 Romae,
1783 2598 1960 2651 scilicet,
2004 2611 2145 2640 annus
2195 2598 2277 2640 Xti

481 2686 603 2730 1455,
636 2686 680 2721 et
710 2677 989 2732 indulgencia
1019 2677 1134 2719 illius
1164 2679 1266 2720 anni
1298 2691 1504 2721 concessa
1533 2677 1811 2720 visitantibus
1843 2685 1939 2721 tum
1971 2679 2164 2721 Romam
2194 2678 2277 2722 fuit

476 2770 682 2801 concessa
713 2759 1005 2801 existentibus
1035 2758 1079 2799 in
1114 2758 1296 2813 Anglia,
1328 2765 1377 2800 ut
1408 2760 1650 2800 existentes
1681 2759 1724 2800 in
1755 2759 1932 2815 Anglia,
1958 2759 2143 2802 confessi
2174 2772 2275 2802 cum

478 2837 628 2881 debita
668 2840 965 2883 satisfactione
1001 2853 1149 2882 coram
1183 2839 1291 2891 Deo,
1329 2839 1515 2881 eandem
1556 2839 1875 2894 indulgentia-m
1915 2840 2131 2883 haberent
2169 2840 2273 2882 anni
