2456 3210
731 336 863 372 LOCI
897 336 935 371 E
973 336 1140 371 LIBRO
1186 336 1532 371 VERJTATUM.
1959 334 2037 380 137

234 482 309 537 qui
350 481 511 524 mortui
552 481 728 523 fuerunt
767 494 826 522 ex
867 480 1187 535 putrefactione
1226 481 1526 522 membrorum
1556 493 1735 521 suorum
1775 474 2038 532 genitalium

230 569 281 605 -et
309 562 501 617 corporis
531 562 609 612 sui,
639 575 738 615 quae
772 561 993 615 corruptio
1023 567 1069 603 et
1104 561 1378 615 putrefactio,
1408 567 1458 602 ut
1489 561 1572 615 ipsi
1603 561 1826 607 dixerunt,
1858 560 2039 598 causata

232 642 316 685 fuit
354 657 434 698 per
472 642 716 683 exercitum
756 641 927 695 copulae
971 641 1156 683 carnalis
1196 655 1298 683 cum
1338 641 1607 683 mulieribus.
1669 640 1862 694 Magnus
1903 636 2039 677 etiam

233 723 329 765 dux
366 724 411 764 in
445 722 623 777 Anglia,
662 720 828 763 scilicet
867 721 908 774 J.
944 722 1002 763 de
1039 721 1211 772 Gawnt‚
1253 728 1452 764 mortuus
1493 729 1561 764 est
1601 736 1660 763 ex
1699 720 1778 762 tali
1818 716 2039 773 putrefac-

233 804 356 846 tione
383 803 681 844 membrorum
710 802 971 856 genitalium
1002 809 1047 844 et
1077 803 1270 857 corporis
1300 803 1378 853 sui,
1401 809 1581 845 causata
1612 816 1692 856 per
1722 797 2041 854 frequentatio-

235 897 338 925 nem
370 883 615 924 mulierum.
674 882 868 936 Magnus
899 882 1016 924 enim
1047 882 1285 925 fornicator
1311 883 1406 933 fuit,
1429 890 1478 925 ut
1506 884 1550 924 in
1577 889 1674 924 toto
1702 894 1838 935 regno
1857 877 2039 932 Angliae

235 963 553 1018 divulgabatur,
574 969 620 1004 et
643 967 746 1004 ante
770 969 958 1004 mortem
985 976 1122 1014 suam,
1139 962 1301 1019 jacens.
1318 964 1380 1006 sic
1405 963 1604 1004 infirmus
1628 964 1673 1003 in
1698 962 1828 1010 lecto,
1850 958 2039 1000 eandem

233 1043 600 1098 putrefactionem
634 1042 727 1097 regi
757 1041 937 1096 Angliae
964 1043 1157 1084 Ricardo
1185 1043 1233 1097 ij0
1268 1043 1475 1093 ostendit,
1505 1057 1605 1085 cum
1633 1043 1752 1084 idem
1782 1054 1864 1082 rex
1894 1039 2039 1093 ipsum

234 1125 395 1166 ducem
424 1125 469 1165 in
496 1137 576 1165 sua
607 1122 863 1165 infirmitate
890 1123 1110 1174 visitavit3
1146 1130 1191 1165 et
1218 1124 1335 1166 dixit
1365 1124 1512 1174 michi,
1542 1123 1618 1178 qui
1647 1123 1732 1164 ista
1762 1120 1897 1172 novit,
1926 1132 2040 1159 unus

234 1203 378 1246 fidelis
417 1203 653 1257 theologiae
695 1203 986 1246 bachillarius.
1056 1203 1308 1245 Willelmus
1357 1205 1475 1245 enim
1526 1204 1692 1257 Longe,
1740 1202 1804 1243 vir
1854 1206 2039 1241 maturae

234 1284 381 1326 aetatis
410 1290 455 1326 et
484 1284 692 1333 decentis,
729 1283 973 1326 Londoniis
1003 1291 1202 1326 mortuus
1234 1291 1301 1326 est
1341 1299 1399 1326 ex
1435 1285 1512 1326 tali
1549 1282 1868 1338 putrefactione
1900 1293 2039 1321 mem-

234 1365 414 1406 brorum
447 1377 625 1405 suorum
654 1364 913 1418 genitalium
951 1371 995 1406 et
1031 1364 1223 1419 corporis
1263 1365 1342 1413 sui,
1374 1371 1556 1406 causata
1590 1377 1669 1418 per
1703 1362 1909 1416 copulam
1946 1373 2040 1402 car-

236 1444 383 1486 nalem
416 1458 516 1486 cum
551 1444 815 1496 mulieribus,
845 1451 895 1486 ut
930 1444 1118 1499 ipsemet
1158 1444 1320 1498 pluries
1356 1444 1581 1486 confessus
1616 1444 1675 1485 sit
1709 1448 1813 1484 ante
1848 1447 2039 1482 mortem

236 1539 363 1566 suam
393 1525 572 1579 quando
612 1538 745 1566 manu
786 1539 866 1566 sua
904 1525 1080 1579 propria
1121 1525 1412 1567 elimosinarie
1450 1525 1685 1575 distribuit,
1721 1530 1771 1565 ut
1814 1536 1897 1577 ego
1937 1520 2039 1562 novi

235 1619 353 1647 anno
383 1604 563 1646 Domini
595 1605 828 1647 millesimo
859 1610 1006 1647 cccc¹¹¹⁰
1034 1610 1198 1646 xxxm0.

236 1779 357 1807 erem
382 1779 483 1819 quae
509 1765 592 1807 suit
619 1766 780 1820 saepius
809 1766 1039 1807 carnaliter
1066 1766 1241 1820 cognita
1263 1773 1309 1808 et
1334 1767 1578 1809 voluntarie
1604 1781 1631 1808 a
1650 1766 1743 1808 viro
1771 1764 2038 1818 voluptuoso

238 1845 334 1894 sibi,
356 1851 402 1887 et
432 1851 584 1887 tamen
614 1846 658 1886 in
686 1846 876 1888 crastino
899 1846 1191 1897 Pentecostes,
1212 1853 1312 1900 post
1331 1848 1610 1901 voluptatem
1638 1860 1763 1888 suam
1795 1844 2036 1899 impletam,

237 1925 395 1966 eadem
441 1926 606 1977 mulier,
649 1927 742 1968 viro
791 1928 1049 1976 dormiente,
1093 1927 1136 1967 in
1182 1927 1376 1981 quinque
1419 1928 1527 1970 locis
1576 1927 1818 1969 vulneravit
1868 1925 2037 1977 virgam

238 2005 437 2058 ejusdem
470 2007 548 2047 viri
581 2021 681 2048 cum
718 2007 908 2059 cultello,
951 2008 1013 2049 ita
1049 2008 1168 2061 quod
1205 2014 1360 2061 postea
1395 2009 1519 2050 urina
1558 2009 1695 2050 exivit
1736 2008 1780 2048 in
1815 2006 2039 2059 superiore

237 2092 365 2139 parte
383 2085 517 2140 virgae
543 2087 604 2128 sic
631 2087 855 2138 abscissae3
885 2094 930 2128 et
954 2095 1105 2129 tamen
1127 2087 1244 2128 idem
1264 2089 1340 2138 vir,
1361 2089 1482 2142 gravi
1506 2103 1662 2130 somno
1691 2096 1794 2129 tunc
1815 2086 2036 2132 detentus,

237 2165 359 2205 illam
399 2165 653 2207 scissionem
693 2181 781 2208 non
820 2168 1030 2221 percepit,
1072 2181 1302 2221 quousque
1339 2182 1418 2222 per
1457 2176 1623 2211 certam
1670 2180 1838 2209 moram
1883 2165 2038 2205 ambu-

237 2245 375 2286 lasset
413 2251 649 2298 postquam
677 2247 887 2301 vigilavit,
924 2253 1021 2289 toto
1066 2248 1184 2288 enim
1223 2254 1425 2302 tempore
1463 2249 1579 2291 illius
1611 2247 1830 2290 scissionis
1873 2244 2038 2285 somni-

239 2325 339 2376 avit,
382 2331 428 2366 et
468 2338 603 2379 parvo
640 2332 841 2382 tempore
883 2335 1039 2382 postea
1079 2335 1321 2382 antequam
1361 2328 1481 2370 illam
1521 2329 1772 2371 scissionem
1812 2324 2039 2378 vigilando

238 2404 462 2459 percepit3
507 2418 589 2447 nec
620 2406 889 2461 impossibile
930 2408 1023 2457 fuit,
1061 2407 1181 2462 quod
1216 2408 1278 2449 sic
1313 2409 1530 2450 dormivit.
1602 2408 1718 2450 Novi
1756 2406 1871 2447 enim
1908 2403 2037 2444 muli-

239 2498 361 2526 erem
392 2485 695 2537 dormientem,
732 2489 910 2530 nomine
947 2488 1198 2537 Isabellam,
1235 2495 1279 2530 et
1315 2490 1457 2543 ipsam
1498 2490 1790 2531 dormientem
1828 2485 2038 2538 magister

239 2565 399 2606 domus
424 2565 574 2616 traxit,
603 2573 648 2608 et
677 2569 862 2619 vocavit,
893 2577 938 2611 et
968 2569 1178 2623 palpavit,
1211 2575 1256 2610 et
1287 2583 1419 2611 manu
1449 2584 1528 2611 sua
1560 2571 1699 2612 crines
1729 2565 1961 2611 avellebat,
1993 2569 2038 2604 et

239 2651 392 2687 tamen
420 2658 502 2686 nec
528 2651 633 2688 tunc
660 2660 740 2688 nec
767 2654 924 2702 postea
952 2663 1032 2704 per
1055 2650 1165 2690 duas
1191 2648 1322 2690 horas
1345 2650 1582 2703 vigilabat;
1615 2648 1713 2690 novi
1743 2646 1874 2687 etiam
1902 2643 2041 2685 aliam

240 2738 321 2780 per
353 2724 465 2766 duos
505 2725 598 2766 dies
632 2726 937 2779 dormientem,
973 2736 1017 2771 et
1056 2729 1283 2770 verberata
1319 2743 1407 2771 non
1441 2730 1666 2784 vigilabat,
1699 2727 1777 2768 sed
1815 2724 2036 2766 dormiens

241 2804 484 2859 permansit
513 2811 609 2846 toto
639 2811 839 2861 tempore
865 2809 1178 2851 verberationis
1209 2816 1253 2851 et
1283 2809 1604 2864 flagellationis.

358 2890 411 2935 [p.
433 2890 504 2933 53·]
563 2884 699 2927 Unde
729 2886 841 2929 tales
870 2887 1089 2931 libidinosi
1120 2889 1283 2943 pluries
1315 2890 1480 2933 habent
1509 2900 1689 2943 poenam
1725 2887 1769 2927 in
1802 2885 1958 2926 eadem
1990 2898 2039 2926 ro

1123 2967 1153 2998 T
