2456 3210
703 327 836 364 LOCI
870 327 910 362 E
947 326 1114 362 LIBRO
1161 325 1508 361 VERJTATUM.
1930 317 2011 371 189

203 473 541 528 praedicatorum
581 472 739 515 famosi
768 471 945 513 fuerunt
979 470 1190 524 magister
1226 468 1453 511 Gilbertus
1482 467 1828 522 Wurthyngton,
1869 473 2013 510 rector

204 553 402 597 ecclesiae
433 554 587 596 Sancti
618 552 815 594 Andreae
856 553 901 593 in
943 550 1191 602 Holbume,
1225 549 1483 599 Londoniis,
1521 555 1567 591 et
1600 549 1811 603 magister
1841 547 2014 590 Willel-

204 649 303 678 mus
352 634 595 688 Lyttfelde,
643 639 787 675 rector
829 631 1028 674 ecclesiae
1068 630 1283 674 Omnium
1333 629 1614 681 Sanctorum,
1659 629 1918 679 Londoniis,
1967 634 2012 672 et

206 715 417 769 magister
452 715 606 757 Petrus
643 715 701 756 de
735 713 963 766 Beverley,
998 711 1108 753 alias
1145 710 1362 761 Hin'orth,
1397 711 1604 752 doctores
1643 709 1801 751 famosi
1841 710 1887 750 in
1921 709 2014 751 vita

205 802 252 839 et
301 796 491 838 sciencia
537 795 596 836 de
635 793 847 837 cathedra
894 791 1205 846 Cantabrigiae,
1246 797 1294 832 et
1341 791 1498 832 doctor
1548 790 1748 832 Thomas
1798 789 2012 839 Eburhal,

207 875 492 926 Oxoniensis,
531 875 606 930 qui
646 881 753 917 tunc
791 873 875 915 suit
917 873 1127 927 magister
1168 871 1342 926 collegii
1383 871 1562 913 Ricardi
1596 871 1897 925 Wittyngton,
1936 871 2012 925 qui

206 969 364 998 omnes
412 956 594 1007 sortiter,
636 954 782 996 verbis
832 960 877 995 et
926 953 1163 1006 scripturis,
1209 953 1474 1003 restiterunt,
1518 966 1619 994 cum
1662 953 1782 993 bono
1831 951 2014 993 doctore

207 1036 508 1091 Myllyngtom
542 1041 694 1078 contra
734 1033 1034 1087 Reginaldum
1076 1032 1234 1082 Pecok,
1271 1033 1528 1087 episcopum
1567 1039 1663 1074 tum
1698 1031 2012 1080 Assavensem,

206 1123 365 1170 postea
409 1115 730 1158 Cicestrensem
779 1114 1048 1168 episcopum,
1098 1126 1177 1167 per
1225 1113 1383 1154 ducem
1435 1112 1695 1155 Suthfolciae
1738 1112 2043 1154 Willelmum—

208 1195 367 1239 Powle.
428 1196 519 1238 Iste
553 1195 671 1237 enim
707 1195 954 1249 episcopus,
983 1193 1195 1235 Wallicus
1230 1194 1408 1247 origine,
1441 1194 1698 1248 praedicavit
1737 1194 1859 1248 quod
1898 1193 2014 1246 epis-

206 1276 307 1330 copi
334 1289 422 1317 non
448 1276 712 1318 tenebantur
738 1275 988 1329 praedicare,
1016 1287 1070 1315 eo
1099 1274 1220 1328 quod
1250 1274 1444 1328 episcopi
1471 1281 1603 1325 sunt;
1635 1280 1679 1316 et
1707 1274 1834 1328 quasi
1859 1287 2014 1315 omnes

208 1357 403 1410 episcopi
431 1355 612 1410 Angliae
642 1362 749 1397 tunc
784 1355 823 1396 ei
854 1354 1075 1403 favebant,
1106 1353 1178 1395 vel
1209 1353 1370 1396 saltem
1400 1355 1440 1396 ei
1480 1368 1569 1396 non
1599 1355 1932 1409 repugnabant:
1967 1360 2013 1396 et

205 1437 359 1479 statim
397 1443 554 1491 postea
595 1437 870 1479 inundabant
912 1435 1253 1476 insurrecciones
1297 1442 1452 1477 contra
1497 1435 1727 1477 ecclesiam
1772 1441 1819 1478 et
1857 1440 2014 1477 contra

207 1530 370 1571 regem,
400 1531 480 1571 per
514 1517 635 1559 milia
666 1517 908 1565 hominum,
940 1517 1014 1570 qui
1045 1516 1267 1564 dixerunt,
1298 1517 1309 1536 ‘
1326 1516 1623 1558 Ecclesiastici
1653 1518 1886 1559 destruunt
1916 1529 2011 1565 noe,

148 1627 152 1630 -
207 1597 283 1651 qui
312 1597 440 1640 bonis
469 1599 560 1640 suis
594 1597 716 1640 laute
744 1597 909 1647 vivunt,
939 1603 984 1638 et
1019 1610 1101 1637 nos
1133 1596 1281 1637 inedia
1311 1597 1519 1650 perimus,
1550 1604 1596 1639 et
1626 1611 1775 1651 regem
1805 1597 2012 1639 destrux-

207 1683 335 1720 erunt
371 1678 444 1720 vel
480 1677 708 1720 adulando
749 1677 822 1719 vel
867 1674 1084 1718 tacendo.'
1157 1675 1271 1718 Haec
1309 1683 1402 1719 erat
1440 1691 1532 1719 vox
1573 1678 1780 1741 puplica3
1823 1685 1869 1720 et
1915 1679 2011 1719 dux

207 1755 443 1809 Suffolciae,
482 1764 529 1800 et
567 1758 800 1812 episcopus
831 1757 1002 1807 Sarum,
1034 1755 1176 1807 Aska,
1212 1761 1259 1798 et
1287 1756 1482 1814 Jacobug
1517 1758 1682 1813 Fynys,
1714 1759 1919 1800 dominus
1954 1759 2011 1800 de

210 1836 316 1891 Say,
352 1838 484 1880 occisi
523 1838 699 1880 fuerunt
732 1851 811 1892 per
849 1837 1216 1880 communitatem
1255 1850 1374 1878 anno
1408 1838 1593 1879 Domini
1632 1849 1769 1893 14503
1814 1847 1861 1881 et
1900 1853 2011 1894 prae-

208 1917 353 1959 dictus
385 1919 630 1973 episcopus,
660 1925 706 1960 et
741 1918 948 1959 dominus
982 1917 1220 1971 praedictus
1252 1917 1491 1977 Iohannes,
1525 1919 1701 1962 fuerunt
1735 1920 1866 1961 occisi
1901 1919 2012 1960 infra

210 2010 345 2038 unam
377 1999 683 2052 septimanam,
714 2001 946 2053 episcopus
983 1999 1027 2038 in
1059 1997 1133 2038 die
1166 2004 1419 2040 sanctorum
1451 1998 1775 2054 Apostolorum
1813 2001 1930 2042 Petri
1966 2007 2011 2040 et

211 2077 349 2126 Pauli,
383 2091 443 2120 sc.
471 2079 579 2121 feria
611 2085 667 2132 2⁸,
696 2081 864 2122 occisus
900 2078 993 2129 fuit,
1028 2084 1073 2119 et
1108 2078 1312 2119 dominus
1346 2079 1539 2132 Jacobus
1574 2081 1656 2122 fuit
1690 2082 1859 2122 occisus
1891 2081 2010 2121 Lon-

209 2157 354 2199 doniis
382 2160 587 2211 proximo
615 2160 829 2211 sabbato3
861 2166 906 2201 et
934 2159 1122 2199 durante
1148 2158 1445 2201 Parliamento
1473 2160 1741 2216 Laycestriae
1772 2161 2011 2201 insurrexit

210 2238 396 2279 comitas
416 2238 611 2291 Kanciae,
642 2246 687 2282 et
713 2241 932 2282 vocabant
958 2240 1126 2293 seipsos
1150 2238 1350 2293 puplicos
1371 2241 1583 2294 petitores
1609 2242 1796 2296 puplicae
1820 2241 2010 2294 justiciae

212 2317 382 2368 fiendae,
402 2324 447 2359 et
472 2321 659 2373 propriae
685 2334 777 2362 suae
797 2320 964 2374 injuriae
988 2327 1033 2360 et
1054 2320 1175 2373 regni
1203 2303 1463 2371 c‘sstensores„
1486 2330 1530 2363 et
1551 2324 1656 2376 ipsis
1667 2306 2011 2375 ‘insurgentibus

210 2397 549 2451 parliamentum
578 2399 686 2441 illud
716 2401 891 2443 finitum
920 2401 1014 2450 fuit,
1048 2400 1167 2453 quod
1198 2401 1272 2441 diu
1303 2402 1607 2444 continuatum
1639 2409 1732 2443 erat
1764 2402 2010 2443 Londoniis

212 2484 258 2518 et
288 2477 569 2531 Laycestriae,
589 2485 639 2520 ut
667 2481 962 2522 communitas
991 2486 1232 2534 aggravata
1262 2483 1470 2535 expensis
1501 2489 1546 2524 et
1576 2482 1798 2524 laboribus
1828 2495 2010 2523 consen-

211 2558 315 2599 tiret
344 2557 474 2599 certis
499 2558 788 2611 peticionibus
817 2562 942 2615 regis,
973 2567 1018 2602 et
1050 2561 1180 2602 certis
1209 2562 1339 2612 taxis,
1361 2576 1472 2616 quas
1500 2564 1657 2617 peciit3
1694 2562 1771 2603 sed
1802 2575 2012 2603 concessa

213 2650 303 2678 non
342 2636 518 2678 fuerunt
552 2651 653 2691 quae
690 2641 831 2693 petita
866 2647 991 2682 erant
1025 2655 1053 2682 a
1093 2654 1207 2694 rege,
1244 2641 1412 2683 dictum
1453 2645 1571 2684 enim
1611 2642 1692 2683 fuit
1732 2642 1776 2681 in
1819 2641 2010 2695 puplico,

213 2717 346 2771 quod,
377 2717 460 2758 nisi
495 2720 789 2762 communitas
822 2720 1003 2775 Angliae
1033 2721 1227 2762 articulis
1266 2724 1501 2777 propositis
1542 2722 1819 2770 consentiret,
1851 2705 2010 2775 ffirlia-

214 2803 412 2838 mentum
447 2810 535 2838 non
567 2797 786 2850 fineretur,
812 2808 859 2843 et
890 2802 1038 2855 plures
1074 2802 1216 2843 minas
1252 2809 1297 2843 et
1325 2817 1353 2845 a
1382 2817 1486 2858 rege
1522 2810 1566 2844 et
1602 2816 1628 2842 a
1658 2802 1747 2843 suis
1774 2802 2011 2864 jugenibus

212 2877 466 2919 consiliariis
506 2878 711 2920 sustinuit
749 2883 1043 2924 communitas
1083 2882 1209 2924 istius
1248 2883 1537 2936 parliamenti.
1608 2882 1668 2923 Et
1708 2862 2007 2924 infmandatis
