2456 3210
617 243 746 280 LOCI
785 243 824 278 E
862 243 1029 279 LIBRO
1076 242 1419 281 VERITATUM.
1851 235 1904 290 87

111 387 401 442 indulgenciae
433 387 680 429 ostenditur
708 400 736 428 a
773 386 1060 428 Sanctissimo
1091 386 1229 427 Paulo
1264 386 1482 440 apostolo,
1514 386 1590 440 qui
1630 386 1825 428 secunda
1854 387 1913 427 ad

112 467 377 510 Corintheos
398 472 454 519 2⁰,
481 469 525 509 in
553 481 741 522 persona
765 467 860 517 Xti,
891 467 918 508 i.
940 480 976 508 e.
1006 467 1102 508 vice
1131 466 1225 515 Xti,
1257 466 1440 508 donavit
1470 480 1572 509 vere
1601 466 1835 522 poenitenti
1868 472 1915 508 et

109 549 291 604 longam
325 548 638 603 poenitenciam
670 554 716 589 et
754 554 906 602 aptam
940 547 1100 601 agenti,
1135 561 1292 602 poenas
1331 548 1499 602 positas
1537 548 1596 590 ab
1635 547 1816 589 homine
1854 546 1914 588 ab

109 629 188 671 illo
215 630 477 672 fornicatore
506 630 582 684 qui
611 629 731 683 prius
760 628 1018 670 fornicando
1043 629 1185 679 tenuit
1217 642 1449 670 novercam
1476 643 1615 679 suam,
1642 642 1704 671 sc.
1725 640 1914 670 uxorem

110 711 249 765 patris
282 711 361 761 sui,
396 710 539 765 qualis
569 709 814 761 fornicacio,
851 715 968 751 teste
999 709 1215 764 apostolo,
1252 723 1340 751 non
1370 710 1452 752 fuit
1483 711 1598 752 inter
1625 715 1794 764 gentes,
1823 709 1851 750 i.
1873 723 1911 750 e.

110 791 227 832 inter
250 790 461 841 Gentiles,
494 797 541 833 et
575 791 755 844 quando
788 790 1010 844 publicam
1044 796 1090 832 et
1119 805 1270 832 veram
1304 791 1620 846 poenitenciam
1650 791 1768 834 idem
1803 790 1913 845 pub-

111 871 221 913 licus
252 877 459 926 peccator
486 871 673 921 fecisset,
703 871 871 913 remisit
899 871 983 913 sibi
1013 871 1253 926 apostolus,
1282 872 1378 914 vice
1408 872 1502 923 Xti,
1531 871 1914 914 continuacionem

110 950 311 1005 ejusdem
338 966 484 1007 poenae
509 951 697 1007 publicae
724 958 770 994 et
798 952 1093 1007 suspensionis
1119 966 1147 994 a
1166 953 1343 996 comitia
1365 953 1595 995 hominum
1616 959 1662 995 et
1686 951 1912 1002 ecclesiae3

109 1032 305 1074 scribens
335 1038 380 1075 2⁸
407 1033 466 1075 ad
498 1031 760 1074 Corintheos
786 1037 842 1084 2⁰,
867 1037 882 1056 ‘
899 1032 1073 1074 Sufficit
1102 1033 1185 1074 sibi
1213 1033 1310 1076 haec
1338 1032 1630 1088 poenitencia,’
1660 1046 1716 1074 ne
1754 1033 1913 1086 damp-

110 1118 239 1153 netur
285 1126 366 1167 pro
414 1113 646 1167 praeterito,
686 1118 732 1154 et
777 1126 832 1154 ne
870 1112 1029 1166 aliquis
1071 1119 1178 1166 agat
1216 1126 1398 1168 poenam
1442 1112 1665 1167 publicam
1705 1126 1785 1167 pro
1834 1111 1913 1153 illo

108 1198 319 1246 peccat03
350 1206 482 1247 super
508 1207 598 1247 quo
624 1199 754 1234 textu
784 1198 828 1235 2⁸
854 1193 915 1234 ad
947 1193 1208 1235 Corintheos
1229 1198 1275 1235 2⁰
1304 1199 1494 1235 testatur
1523 1193 1693 1236 Doctor
1714 1193 1911 1246 Heymo,

109 1273 333 1326 quomodo
373 1273 564 1316 Sanctus
603 1274 765 1315 Paulus
805 1287 1031 1327 nunquam
1071 1273 1333 1316 absolvebat
1373 1274 1601 1316 hominem
1647 1287 1676 1315 a
1714 1279 1911 1327 peccato,

109 1352 193 1394 nisi
221 1353 341 1407 prius
368 1352 523 1395 habuit
552 1353 825 1395 evidenciam
850 1353 969 1407 quod
992 1354 1117 1395 Deus
1146 1354 1292 1408 ipsum
1322 1353 1584 1396 absolveret.
1646 1354 1762 1395 Rem
1793 1354 1911 1395 enim

108 1434 386 1475 temerariam
417 1434 592 1485 faciunt,
624 1441 741 1476 teste
777 1434 945 1476 Sancto
977 1435 1203 1487 Jeronimo
1242 1448 1373 1489 super
1411 1434 1657 1486 Danielem,
1691 1434 1769 1489 qui
1807 1434 1910 1476 faci-

108 1511 209 1555 liter
236 1514 399 1565 dicunt,
420 1514 650 1556 ‘Faciliter
675 1515 862 1557 remittit
886 1515 1014 1556 vobis
1035 1514 1159 1557 Deus
1184 1528 1319 1557 omne
1341 1513 1601 1569 peccatum,’
1621 1514 1725 1568 quia
1753 1515 1911 1557 beatus

109 1593 271 1635 Daniel
307 1594 536 1649 propheta,
570 1596 778 1648 praescius
817 1595 1074 1646 futurorum,
1114 1595 1359 1637 dubitando
1406 1595 1548 1637 dixit:
1590 1599 1600 1617 ‘
1615 1594 1803 1637 Peccata
1832 1601 1911 1637 tua

108 1673 356 1717 elemosinis
385 1676 551 1717 redime
563 1674 590 1727 ¹,
622 1676 735 1718 sorte
767 1676 963 1717 remittet
997 1676 1079 1717 tibi
1114 1675 1236 1717 Deus
1265 1681 1449 1730 peccata
1478 1681 1558 1717 tua
1572 1674 1596 1726 3'
1638 1681 1685 1717 et
1716 1675 1910 1717 Sanctus

110 1753 265 1796 Petrus
297 1755 360 1797 ait
390 1754 590 1810 Symoni‚
611 1759 622 1776 ‘
638 1756 954 1798 Poenitenciam
985 1769 1082 1810 age,
1117 1762 1164 1798 et
1202 1769 1309 1809 roga
1343 1755 1505 1807 Deum,
1535 1755 1572 1797 si
1611 1755 1723 1797 forte
1763 1756 1911 1797 remit-

109 1839 231 1876 tatur
259 1835 339 1877 tibi
370 1835 467 1878 haec
506 1835 746 1891 cogitacio,'
782 1837 809 1878 i.
831 1852 867 1879 e.
903 1836 1044 1878 malus
1074 1849 1312 1878 consensus
1343 1841 1460 1878 tuus.
1525 1836 1758 1878 Dubitavit
1792 1837 1910 1878 enim

111 1912 300 1956 Sanctus
331 1915 485 1958 Petrus
519 1931 577 1958 an
610 1917 783 1971 Symon
815 1918 947 1971 digne
978 1923 1128 1971 ageret
1162 1930 1309 1958 coram
1346 1917 1447 1959 Deo
1478 1930 1561 1971 pro
1592 1917 1723 1959 venia
1750 1930 1779 1958 a
1810 1916 1911 1957 Deo

110 1993 324 2037 habenda.
388 1996 492 2038 Non
528 1997 646 2053 enim
678 1998 805 2048 dixit,
838 1998 911 2039 Da
944 1997 1040 2048 hoc,
1073 1996 1142 2038 vel
1178 1997 1273 2047 hoc,
1303 2004 1349 2039 et
1386 1998 1561 2039 veniam
1594 1997 1677 2038 Dei
1714 1996 1909 2047 habebis,

110 2074 217 2128 quia
254 2074 425 2129 Symon
464 2077 509 2118 in
545 2077 631 2120 hoc
668 2078 878 2132 peccavit,
913 2077 1034 2131 quod
1073 2078 1240 2119 donum
1282 2077 1368 2119 Dei
1407 2077 1681 2119 existimavit
1724 2077 1909 2131 pecunia

108 2154 335 2208 possideri,
372 2155 570 2199 Actuum
606 2156 652 2197 8⁰
691 2163 776 2200 ca0.
842 2157 999 2200 Solent
1034 2158 1155 2199 enim
1189 2163 1336 2211 patres
1369 2157 1565 2199 ecclesiae
1606 2156 1909 2210 indulgencias

109 2235 350 2277 concedere
377 2250 479 2279 vere
504 2238 833 2292 poenitentibus,
858 2237 1179 2288 confitentibus,
1199 2243 1245 2279 et
1274 2237 1654 2287 satisfacientibus,
1684 2250 1763 2290 per
1790 2236 1908 2277 viam

109 2316 471 2359 commutacionis
495 2319 822 2370 commutando,
849 2332 908 2360 sc.
931 2332 1065 2372 opera
1094 2317 1290 2371 poenalia
1318 2331 1395 2359 seu
1423 2317 1712 2371 poenitencias
1742 2315 1908 2369 positas

110 2397 156 2437 in
180 2397 278 2450 jure
305 2397 351 2438 in
376 2396 486 2439 alios
508 2405 633 2440 actus
664 2399 881 2441 meliores.
943 2399 1203 2442 Satissaccio
1235 2398 1351 2440 enim
1382 2399 1549 2453 duplex
1580 2404 1659 2448 est,
1689 2411 1776 2438 una
1806 2410 1909 2438 con-

108 2476 225 2518 sistit
263 2477 309 2517 in
348 2476 597 2519 reddicione
633 2479 878 2521 voluntaria
918 2479 1024 2521 boni
1068 2478 1358 2532 equivalentis
1398 2478 1584 2520 bonitati
1629 2477 1764 2531 ipsius
1804 2476 1907 2526 Dei,

109 2562 262 2598 contra
291 2569 424 2609 quem
455 2555 507 2597 fit
539 2557 716 2610 offensa,
743 2560 862 2601 unde
897 2559 1143 2601 satisfaccio
1182 2559 1340 2600 dicitur
1367 2559 1506 2601 saccio
1535 2558 1654 2607 satis,
1683 2570 1742 2598 sc.
1769 2570 1907 2610 quan-

110 2643 208 2678 tum
236 2636 359 2677 Deus
386 2637 594 2690 requirit3
626 2638 683 2680 de
712 2653 801 2693 qua
824 2640 931 2682 dicit
962 2640 1194 2691 Dominus,
1216 2640 1414 2682 Actuum
1448 2650 1503 2679 20
1533 2644 1674 2686 sexto,
1697 2636 1908 2679 ‘Dicetur

110 2713 216 2766 tibi,'
243 2729 301 2758 sc.
322 2715 471 2767 Paulo,
493 2717 569 2758 ‘de
590 2719 793 2761 omnibus
819 2734 919 2774 quae
946 2726 992 2761 te
1018 2726 1193 2773 oportet
1220 2717 1388 2761 facere?
1438 2718 1542 2759 Alia
1570 2723 1637 2759 est
1661 2717 1907 2759 satisfaccio

919 2809 930 2828 ¹
946 2810 1033 2842 Dan.
1049 2809 1095 2844 iv-
