2456 3210
699 312 834 348 LOCI
867 312 907 346 E
945 310 1113 347 LIBRO
1159 309 1502 347 VERITATUAI.
1926 314 2003 356 191

204 454 322 495 enim
362 453 558 508 episcopi
606 453 816 496 favebant
860 453 1112 507 Reginaldo
1155 452 1314 502 Pecok,
1356 452 1566 507 episcopo
1606 457 1713 493 tunc
1753 450 2007 500 Assavensi‚

174 533 381 585 dicenti,
420 535 541 588 quod
586 534 781 588 episcopi
824 548 913 576 non
952 539 1206 575 tenerentur
1250 534 1504 588 praedicare,
1544 546 1598 574 eo
1645 532 1767 586 quod
1814 531 2010 585 episcopi

204 620 320 666 sunt,
355 628 437 656 nec
477 615 562 669 ipsi
599 619 786 669 peccant
824 614 870 655 in
910 614 1060 656 dando
1100 619 1308 673 annuata,
1342 614 1371 655 i.
1388 628 1425 655 e.
1456 614 1622 668 primos
1661 612 1837 663 fructus,
1867 625 2010 666 papae,

203 702 447 750 antequam
481 695 594 737 fiunt
632 695 840 750 episcopi,
872 709 962 736 non
997 695 1123 737 stetit
1155 694 1324 750 Anglia
1362 694 1407 735 in
1447 707 1568 748 pace,
1602 693 1683 735 sed
1723 707 1831 734 mox
1871 693 2013 733 insur-

206 781 419 818 rexerunt
449 775 626 830 plurimi
659 775 705 818 in
739 775 920 830 Anglia,
955 775 1197 829 spoliantes
1231 781 1278 817 et
1312 775 1564 817 occidentes
1597 774 1804 824 diversos,
1837 779 1884 815 et
1912 786 2013 827 pes-

207 856 320 897 sime
369 856 602 911 loquentes
658 856 715 898 de
768 855 1074 898 ecclesiasticis
1123 855 1389 907 hominibus,
1439 855 1514 909 qui
1569 856 1724 896 vivunt
1772 855 1830 896 de
1884 854 2012 895 bonis

208 935 415 988 ecclesiae,
450 942 496 978 et
526 936 666 978 eciam
698 936 756 978 de
789 936 934 978 officio
968 936 1118 990 aliquo
1151 949 1314 990 magno
1346 949 1446 978 cum
1478 936 1626 990 aliquo
1660 934 1855 985 domino,
1889 935 2011 989 quod

207 1016 391 1058 habenti
424 1017 645 1060 sufficeret
681 1017 739 1059 ad
773 1018 912 1058 vitam
952 1017 1187 1058 honestam
1224 1017 1576 1059 sustentandam.
1637 1016 1766 1067 Item,
1801 1016 2015 1058 dixerunt

209 1097 485 1152 insurgentes
518 1104 624 1140 tunc
653 1098 698 1140 in
728 1097 908 1152 Anglia,
940 1098 1061 1151 quod
1095 1097 1325 1152 pluralitas
1359 1097 1652 1149 ecclesiarum,
1683 1103 1729 1138 et
1757 1096 2015 1151 appropria-

210 1178 358 1220 ciones
392 1177 675 1220 ecclesiarum
706 1178 1027 1233 parochialium
1062 1178 1339 1220 monasteriis
1374 1184 1420 1220 et
1454 1178 1650 1220 ecclesiis
1678 1177 1933 1231 collegiatis,
1967 1183 2015 1219 et

211 1272 301 1299 non
330 1258 571 1300 residencia
599 1258 884 1313 praelatorum
915 1265 961 1300 et
991 1265 1211 1301 rectorum
1240 1258 1286 1300 in
1315 1259 1405 1300 suis
1435 1259 1560 1310 curis,
1593 1265 1639 1300 et
1665 1258 1848 1312 indigna
1874 1257 2014 1299 malo-

213 1352 310 1379 rum
332 1345 378 1381 et
400 1339 612 1393 juvenum
642 1339 687 1380 in
712 1339 895 1381 ecclesia
925 1340 1164 1394 promocio,
1190 1353 1302 1394 quos
1333 1353 1417 1394 ego
1444 1340 1544 1381 novi
1572 1338 1668 1392 jam
1698 1338 1866 1380 nescire
1891 1338 2017 1399 loqui

213 1419 436 1471 Latinum,
457 1433 538 1461 nec
564 1420 744 1474 propria
770 1421 890 1462 bona
918 1419 1145 1474 recipiunt,
1166 1420 1244 1461 sed
1272 1420 1384 1462 servi
1406 1433 1558 1461 eorum
1584 1420 1703 1461 bona
1731 1432 1882 1460 eorum
1907 1419 2016 1461 reci-

213 1500 352 1554 piunt,
372 1507 418 1542 et
437 1501 724 1554 expendunt3
753 1500 850 1542 haec
881 1500 999 1542 mala
1027 1506 1072 1542 et
1096 1500 1375 1555 proclamant
1400 1514 1555 1543 omnes
1583 1500 1769 1542 famosi:
1805 1500 2016 1542 ‘Destru-

214 1586 296 1622 unt
320 1581 488 1622 bonum
514 1581 710 1635 regimen
741 1581 937 1623 ecclesiae
969 1587 1015 1623 et
1046 1581 1320 1623 animarum.’
1379 1581 1573 1634 Jacobus
1600 1581 1718 1622 enirn
1746 1581 1908 1634 Fynys,
1940 1581 2015 1635 qui

213 1667 396 1702 vocatus
433 1660 517 1703 fuit
556 1661 761 1702 dominus
795 1662 852 1703 de
894 1660 1000 1715 Say,
1041 1675 1129 1702 una
1168 1675 1269 1704 cum
1307 1661 1405 1703 aliis
1444 1661 1643 1715 personis
1689 1661 1803 1703 circa
1843 1661 2016 1716 Regem

216 1741 462 1783 Henricum
498 1741 703 1790 Sextum,
737 1755 826 1783 non
862 1742 1180 1796 permittebant
1212 1741 1407 1795 aliquem
1436 1742 1675 1795 praedicare
1709 1755 1859 1784 coram
1898 1756 2049 1807 rege,-

214 1822 299 1863 nisi
337 1822 457 1877 prius
496 1822 580 1876 ipsi
618 1822 823 1864 viderunt
869 1822 993 1863 illum
1032 1836 1283 1864 sermonem
1321 1823 1544 1876 scriptum,
1583 1822 1655 1864 vel
1694 1822 1814 1876 prius
1849 1822 2017 1876 juraret

215 1902 288 1944 vel
321 1903 598 1956 promitteret
628 1904 957 1957 praedicaturus,
992 1903 1112 1957 quod
1146 1916 1236 1944 non
1270 1903 1529 1957 praedicaret
1568 1910 1721 1945 contra
1760 1903 2017 1946 assistentes

217 1983 321 2036 regi,
359 1997 440 2025 nec
479 1990 631 2026 contra
669 1984 787 2026 facta
826 1985 951 2038 regis,
992 1997 1073 2026 nec
1112 1990 1267 2026 contra
1305 1983 1423 2026 facta
1462 1985 1530 2025 sui
1570 1984 1728 2038 privati
1768 1983 1838 2025 vel
1874 1984 2016 2025 verius

193 2052 580 2117 “pravi-concilii3
620 2071 666 2107 et
704 2065 767 2107 sic
808 2066 993 2106 verbum
1035 2065 1121 2105 Dei
1161 2064 1321 2118 injuste
1360 2071 1406 2106 et
1449 2065 1609 2119 inique,
1650 2079 1751 2107 cum
1790 2065 1887 2105 aliis
1927 2065 2017 2105 suis

219 2143 475 2196 fautoribus,
512 2145 721 2199 alligavit,
761 2160 819 2188 ne
862 2146 1007 2187 exiret
1052 2146 1096 2187 in
1137 2145 1363 2200 puplicum
1398 2146 1564 2187 bonum
1605 2152 1650 2188 et
1690 2146 1921 2195 debitum3
1972 2152 2017 2186 et

215 2224 310 2279 jam
346 2224 538 2279 episcopi
573 2239 662 2267 non
695 2227 941 2281 praedicant
971 2212 1255 2267 vocalitefft
1284 2227 1609 2281 exemplariter,
1641 2227 1720 2268 sed
1751 2226 1876 2266 Deus
1905 2239 2018 2279 prae-

221 2305 342 2346 dicat
371 2304 546 2346 realiter
572 2306 800 2348 inferendo
830 2307 893 2348 eis
923 2313 967 2348 et
998 2307 1095 2348 aliis
1125 2307 1430 2360 peccatoribus
1460 2322 1622 2362 magna
1652 2306 1869 2369 poenalia,

339 2390 390 2434 [p.
413 2390 504 2433 511.]
560 2385 716 2440 Aliqui
749 2387 907 2438 sciunt,
938 2392 982 2428 et
1014 2392 1211 2441 possunt,
1245 2393 1290 2429 et
1317 2387 1482 2430 debent
1511 2388 1763 2443 praedicare,
1792 2392 1838 2427 et
1866 2391 2018 2426 tamen

225 2478 314 2506 non
342 2464 614 2519 praedicant3
650 2472 697 2508 et
726 2480 906 2509 causam
934 2468 1127 2509 reddunt
1155 2467 1381 2510 dicentes:
1412 2468 1616 2510 ‘Frustra
1647 2466 1827 2520 corrigo,
1858 2465 2019 2507 frustra

224 2545 429 2600 praedico,
464 2545 568 2598 quia
596 2546 779 2588 audiens
813 2561 902 2589 non
933 2548 1098 2598 obedit,
1130 2561 1208 2589 nec
1248 2548 1442 2602 seipsum
1480 2548 1668 2601 corrigit,
1705 2552 1750 2587 et
1789 2546 1889 2587 ideo
1930 2559 2018 2587 non

225 2624 430 2679 praedico,
458 2625 563 2678 quia
591 2624 791 2678 fructum,
821 2641 954 2682 quem
984 2628 1271 2679 intenderem,
1302 2641 1392 2669 non
1420 2628 1624 2682 percipie,
1649 2632 1693 2668 et
1723 2626 1785 2667 sic
1814 2625 2018 2679 praedico,

227 2704 347 2759 quod
386 2704 588 2758 praedico,
621 2711 667 2747 et
705 2707 824 2759 quod
854 2706 980 2750 dico.’
1038 2707 1172 2749 Tales
1208 2707 1325 2749 enim
1357 2708 1420 2750 sic
1460 2709 1655 2750 dicentes
1695 2705 2020 2747 considerarent

227 2784 348 2839 quod
399 2784 599 2826 nesciunt
647 2790 793 2827 utrum
839 2788 1024 2829 audiens
1070 2787 1254 2829 verbum
1308 2787 1498 2830 fructum
1551 2785 1671 2829 verbi
1726 2785 1905 2838 recipiet
1961 2798 2020 2826 an

229 2879 349 2916 non;
396 2864 516 2907 dicat
551 2878 656 2919 ergo
690 2866 951 2920 praedicator
981 2869 1102 2923 quod
1139 2869 1262 2910 Deus
1297 2868 1438 2923 ipsum
1481 2866 1627 2921 posuit
1668 2871 1942 2920 erogatorem
1977 2872 2022 2907 et
