2456 3210
433 262 515 294 202
932 259 1064 295 LOCI
1098 259 1137 294 E
1175 259 1341 295 LIBRO
1389 258 1732 297 VERITATUM.

433 401 502 442 cui
537 415 657 443 soror
687 415 764 444 sua
800 402 880 444 fuit
914 409 1020 444 tunc
1054 408 1203 457 nupta,
1242 409 1284 444 et
1317 401 1389 443 illa
1421 402 1605 444 ecclesia
1637 416 1715 457 per
1749 402 1933 444 militem
1964 401 2112 443 oblata
2144 412 2232 441 non

432 480 516 523 fuit
545 482 762 524 sufficiens
793 483 911 525 unde
942 484 1059 524 idem
1091 490 1240 537 posset
1270 483 1426 523 vivere.

550 567 601 612 [p.
631 567 724 612 569·]
786 562 835 605 Si
872 564 989 604 enim
1027 564 1256 617 episcopus
1293 563 1442 604 debite
1476 575 1590 604 curae
1630 576 1722 604 suae
1762 562 1947 604 diocesis
1980 567 2155 604 vacaret
2190 560 2234 602 in

433 641 615 695 singulis
650 642 909 692 diocesibus,
943 657 1030 685 non
1068 649 1183 685 esset
1224 642 1536 697 multiplicacio
1575 649 1644 684 tot
1688 642 1916 694 malorum,
1956 655 2036 696 pro
2077 641 2235 695 quibus

370 704 402 754 *3
434 721 720 764 reformandis
750 722 844 776 jam
880 737 1059 765 necesse
1097 730 1164 765 est
1198 736 1416 764 recurrere
1449 723 1505 764 ad
1541 734 1716 777 papam,
1751 723 1809 764 ad
1846 736 2008 777 regem,
2039 722 2097 764 ad
2133 734 2236 763 con-

435 801 542 853 silia,
564 808 608 844 et
635 804 692 844 ad
715 803 1018 857 parliamenta.
1075 807 1084 825 ‘
1103 804 1245 846 Obsta
1273 803 1508 858 principiis,
1529 804 1617 845 cito
1646 803 1864 845 medicina
1889 808 2068 857 paratur
2078 799 2103 853 ;'
2133 807 2237 843 ante

437 882 554 923 enim
596 897 803 937 magnam
841 890 1012 938 pestem
1053 885 1097 925 in
1134 884 1301 938 Anglia
1337 898 1490 938 paucae
1529 883 1705 925 fuerunt
1745 883 1934 938 querelae
1974 883 2018 924 in
2058 881 2236 937 populo,

436 969 482 1005 et
513 976 665 1017 paucae
696 964 1079 1018 implacitacioneS,
1106 971 1150 1006 et
1180 965 1240 1006 sic
1276 964 1452 1006 fuerunt
1482 965 1589 1006 item
1620 965 1746 1019 pauci
1778 964 1947 1019 legistae
1984 964 2029 1005 in
2058 962 2238 1018 Angliae

437 1055 583 1096 regno,
626 1050 669 1086 et
719 1045 845 1098 pauci
898 1045 1068 1099 legistae
1120 1046 1164 1086 in
1206 1044 1397 1093 Oxonia‚
1447 1046 1625 1099 quando
1670 1044 1845 1087 fuerunt
1891 1044 2072 1099 triginta
2119 1043 2238 1085 milia

437 1123 668 1165 scolarium
709 1125 753 1165 in
797 1124 986 1174 Oxonia,
1035 1132 1084 1167 ut
1124 1126 1213 1166 vidi
1265 1126 1307 1166 in
1351 1125 1504 1167 rotulis
1554 1126 1833 1179 antiquorum
1880 1124 2238 1167 cancellariorum

440 1203 644 1254 Oxoniae,
677 1206 855 1259 quando
896 1220 980 1261 ego
1020 1206 1081 1247 fui
1117 1206 1282 1247 ibidem
1321 1205 1632 1257 cancellarius3
1673 1212 1718 1247 et
1758 1206 1983 1259 promocio
2023 1206 2239 1247 bonorum

437 1283 640 1339 virorum,
672 1292 716 1327 et
751 1286 992 1328 residencia
1028 1287 1071 1328 in
1109 1287 1197 1327 suis
1231 1287 1355 1338 curis,
1388 1292 1432 1328 et
1468 1286 1661 1328 ecclesiae
1695 1287 1959 1328 sufficienter
1993 1287 2159 1328 dotatae
2195 1291 2241 1327 et

441 1378 528 1406 non
560 1367 854 1420 appropriatae
891 1368 986 1408 aliis
1022 1381 1110 1408 non
1147 1368 1319 1416 curatis,
1357 1373 1485 1408 extra
1528 1366 1780 1421 parochiam
1821 1367 2112 1416 manentibus,
2148 1365 2242 1407 fue-

442 1451 542 1486 runt
582 1460 724 1488 causae
761 1462 895 1502 quare
930 1461 1082 1502 paucae
1123 1447 1223 1489 lites
1257 1454 1362 1489 tunc
1403 1447 1646 1501 regnabant
1682 1447 1726 1488 in
1762 1447 1988 1501 parochiis,
2030 1453 2076 1489 et
2114 1446 2242 1501 pauci

443 1539 607 1568 errores
658 1527 702 1569 in
743 1529 1076 1583 comparacione
1120 1528 1263 1570 litium
1310 1534 1354 1569 et
1395 1527 1670 1582 querelarum
1712 1535 1757 1570 et
1800 1541 1994 1569 errorum
2037 1528 2112 1582 qui
2149 1528 2242 1581 jam

443 1613 574 1657 sunt3
615 1613 659 1648 et
692 1613 795 1650 tunc
821 1609 1051 1662 justiciarii
1091 1609 1212 1662 regni
1244 1608 1423 1662 Angliae
1454 1609 1691 1651 utebantur
1720 1609 1764 1650 in
1796 1609 1987 1663 capuciis
2017 1609 2084 1650 sui
2114 1608 2245 1649 officii

445 1686 632 1740 pellibus
658 1689 828 1741 agninis
855 1696 899 1731 et
924 1704 1011 1731 non
1036 1690 1093 1731 de
1121 1690 1289 1730 minuto
1314 1690 1459 1741 vario;
1485 1689 1626 1730 solum
1655 1689 1771 1730 enim
1798 1688 2004 1743 episcopi,
2027 1688 2243 1737 doctores,

447 1773 491 1808 et
523 1769 718 1820 magistri
751 1770 794 1810 in
826 1771 1181 1812 universitatibus
1213 1777 1256 1812 et
1287 1771 1453 1811 domini
1485 1770 1540 1811 de
1570 1769 1861 1824 parliamento
1894 1769 2131 1811 utebantur
2161 1769 2245 1810 illis

447 1847 603 1888 diebus
645 1849 812 1891 minuto
847 1852 978 1902 vario,
1017 1859 1060 1893 et
1105 1851 1219 1899 albo,
1262 1858 1305 1892 et
1345 1853 1499 1905 griseo,
1536 1857 1584 1892 ut
1626 1850 1757 1892 michi
1797 1850 2005 1892 dixerunt
2045 1849 2121 1904 qui
2161 1850 2246 1891 ista

448 1928 652 1970 viderunt
684 1935 728 1970 et
760 1937 1002 1981 noverunt3
1046 1939 1089 1973 et
1121 1939 1224 1973 tunc
1256 1931 1399 1973 solum
1431 1932 1631 1972 doctores
1662 1931 1705 1971 in
1738 1929 1982 1984 Theologia
2011 1930 2248 1972 utebantur

450 2010 647 2051 rotundis
677 2010 818 2064 pilleis
849 2012 1025 2064 quando
1057 2012 1358 2065 praedicabant
1386 2011 1499 2053 clero
1532 2025 1607 2052 seu
1639 2011 1816 2065 populo.
1879 2012 1939 2053 Et
1967 2012 2098 2066 quale
2124 2025 2248 2053 orna-

452 2096 651 2131 mentum
681 2090 836 2144 capitis
865 2097 930 2132 est
958 2091 1139 2145 pilleum
1171 2092 1365 2134 declarat
1397 2091 1585 2133 Sanctus
1611 2091 1861 2144 Jeronimus
1890 2092 1933 2133 in
1962 2091 2163 2146 Epistola
2190 2092 2247 2132 ad

453 2170 697 2213 Fabiolam.
760 2171 849 2214 Sed
880 2172 990 2213 heu!
1038 2171 1132 2224 jam
1164 2180 1266 2215 sunt
1302 2173 1427 2226 signa
1461 2172 1551 2214 sive
1585 2171 1767 2226 signatis
1802 2186 1878 2213 seu
1913 2172 2168 2227 significatis
2205 2173 2247 2212 in

453 2251 659 2305 pluribus,
685 2253 788 2306 quia
819 2266 906 2293 non
938 2258 1041 2294 sunt
1076 2253 1120 2293 in
1157 2255 1217 2294 eis
1251 2254 1368 2295 bona
1399 2258 1575 2307 propter
1604 2266 1703 2306 quae
1738 2252 1861 2307 signa
1897 2254 2098 2296 instituta
2134 2261 2248 2303 sunt,

455 2339 504 2374 ut
532 2339 762 2375 monerent
793 2339 985 2374 mentem
1013 2332 1203 2375 hominis
1228 2334 1414 2387 qualiter
1444 2333 1576 2374 debet
1606 2346 1706 2373 eum
1731 2347 1871 2387 agere,
1893 2340 1938 2375 et
1963 2341 2010 2376 ut
2038 2335 2251 2388 cogitaret

455 2413 598 2466 qualis
619 2420 744 2464 esset,
767 2421 812 2456 et
833 2427 965 2455 onera
986 2414 1049 2455 sui
1072 2415 1214 2456 officii.

571 2500 616 2544 [p.
639 2500 731 2545 571·]
793 2494 920 2536 Heu!
957 2493 1067 2536 heu!
1104 2493 1216 2536 heu!
1280 2494 1472 2535 Domine
1509 2491 1652 2534 Deus!
1713 2494 1818 2536 Tria
1848 2495 1941 2548 jam
1978 2497 2251 2539 constituunt

455 2581 501 2616 et
539 2574 702 2617 faciunt
741 2575 964 2617 hominem
1005 2589 1097 2616 esse
1148 2574 1684 2629 episcopum,—quinque
1725 2576 1845 2617 milia
1886 2590 2142 2627 marcarum,
2182 2578 2251 2620 vel

455 2655 628 2697 diversa
668 2655 787 2697 milia
826 2668 1011 2697 camerae
1053 2668 1181 2708 papae
1224 2656 1382 2704 missa3
1424 2660 1468 2695 et
1507 2654 1710 2696 voluntas
1751 2657 1880 2710 regia,
1923 2662 1968 2699 et
2009 2658 2251 2699 astancium

455 2735 549 2787 sibi,
578 2750 765 2790 quorum
801 2749 956 2777 manus
993 2735 1170 2789 repletae
1207 2741 1309 2777 sunt
1342 2734 1620 2786 muneribus3
1656 2742 1700 2778 et
1730 2737 1865 2778 tercio
1897 2738 2151 2791 requisitum
2186 2747 2253 2780 est

459 2827 698 2857 concensus
747 2830 874 2870 papae
926 2815 1116 2857 Romani
1168 2821 1212 2857 et
1263 2814 1546 2857 cardinalium
1600 2816 1914 2866 Romanorum,
1956 2818 2031 2871 qui
2081 2824 2252 2860 cassant
