2456 3210
486 283 567 327 128
992 287 1125 323 LOCI
1158 288 1197 323 E
1236 289 1400 324 LIBRO
1451 290 1794 327 VERJTATUM.

482 434 589 476 talia
610 433 729 476 lucra
751 438 908 488 optant
929 433 1050 487 leges
1071 434 1330 487 transgredi.
1363 434 1504 486 ‘Jam,'
1526 435 1739 489 inquiunt,
1764 440 1964 492 ‘surgunt
1985 438 2103 482 lucra
2124 447 2284 492 nostra,

481 515 661 569 quando
690 514 892 556 homines
921 520 1108 568 peccant
1139 520 1292 556 contra
1327 513 1474 568 leges,’
1510 523 1553 558 et
1584 516 1645 558 sic
1675 516 1881 559 laetantur
1916 518 1960 560 in
1991 521 2119 562 rebus
2149 522 2284 575 pessi-

482 596 576 648 mis,
607 602 788 650 propter
816 594 986 637 lucrum
1018 596 1260 650 pessimum
1292 597 1411 649 quod
1443 598 1640 651 sequitur
1670 612 1728 639 ex
1759 605 1942 652 peccato
1972 599 2170 643 aliorum.

595 675 762 717 Audivi
792 676 909 717 enim
943 689 1079 717 unum
1106 675 1431 718 baccalaurium
1458 676 1609 732 legum
1641 678 1874 731 dicentem,
1897 685 1906 702 ‘
1922 680 2110 722 Utinam
2137 689 2283 725 essent

479 755 626 810 plures
655 756 958 799 malefactores
986 770 1119 810 quam
1151 762 1264 804 sunt,
1287 757 1390 811 quia
1420 763 1526 799 ωηο
1555 771 1636 799 nos
1667 742 1838 812 legistae
1866 760 2129 803 haberemus
2158 776 2281 817 mag-

479 850 583 877 num
608 834 812 878 lucrum!'
842 843 887 878 et
914 837 976 878 sic
1004 837 1175 891 optavit
1203 844 1250 878 ut
1280 843 1425 878 essent
1451 837 1567 886 mali,
1589 844 1770 893 propter
1796 839 1964 882 lucrum
1993 842 2112 895 quod
2142 843 2284 884 inten-

477 917 612 958 debat
642 930 719 971 per
748 916 1117 971 implacitationes
1147 917 1325 959 habere.

592 1003 637 1047 [p.
660 1002 706 1044 6.]
768 997 961 1039 Domine
989 998 1137 1039 Deus!
1174 998 1243 1049 da,
1274 1004 1322 1039 ut
1354 998 1546 1052 episcopi
1577 1004 1621 1039 et
1651 999 1821 1052 praelati
1853 1001 1942 1042 sint
1973 1001 2035 1043 ita
2065 1003 2192 1056 proni
2222 1003 2279 1044 ad

476 1078 743 1119 mittendum
775 1078 915 1119 bonos
952 1084 997 1120 et
1026 1092 1151 1120 veros
1187 1079 1390 1120 doctores
1423 1079 1467 1119 in
1499 1092 1687 1120 messem
1717 1086 1853 1130 tuam,
1887 1081 1912 1121 i.
1931 1095 1967 1123 e.
1994 1083 2037 1122 in
2063 1083 2278 1137 populum

474 1164 612 1209 tuum,
647 1159 759 1201 sicut
792 1172 931 1212 nuper
963 1158 1139 1200 fuerunt
1174 1158 1345 1212 praelati
1380 1159 1506 1213 proni
1541 1159 1599 1200 ad
1633 1161 1943 1213 praedicatores
1980 1164 2279 1216 revocandos3

474 1245 724 1281 statuerunt
756 1239 872 1280 enim
906 1239 1129 1281 neminem
1159 1240 1399 1293 praedicare
1427 1254 1560 1294 quem
1590 1247 1774 1294 possunt
1804 1241 2029 1295 impedire,
2061 1244 2144 1284 nisi
2175 1244 2279 1286 talis

473 1319 554 1361 fuit
579 1320 653 1373 qui
686 1333 837 1361 eorum
866 1319 1068 1361 habuerit
1098 1319 1333 1372 licentiam,
1359 1334 1438 1374 pro
1469 1334 1556 1374 qua
1583 1322 1828 1362 obtarenda
1858 1322 1998 1364 solvet
2030 1324 2277 1377 pecuniam.

473 1398 542 1440 Tu
574 1400 742 1450 dixisti,
775 1400 968 1442 Domine
997 1400 1115 1454 Jesu,
1147 1400 1343 1442 ‘Solvite
1374 1401 1556 1451 asinum,
1590 1407 1633 1442 et
1666 1401 1873 1443 adducite
1904 1402 2064 1445 michi.'

589 1486 633 1530 [p.
655 1487 702 1531 9.]
764 1481 863 1535 Ego
896 1482 1063 1530 doctor,
1086 1482 1161 1535 qui
1193 1481 1288 1523 haec
1319 1482 1483 1536 scripsi,
1517 1482 1617 1523 novi
1654 1483 1773 1536 quod
1806 1497 1917 1524 unus
1948 1483 2133 1526 ballivus
2164 1485 2278 1539 regis

474 1560 518 1602 in
549 1567 749 1615 tempore
782 1562 962 1604 Henrici
989 1562 1157 1617 Quinti,
1189 1563 1303 1616 regis
1328 1562 1519 1617 Angliae,
1550 1563 1727 1604 nomine
1755 1563 1980 1616 Johannes
2009 1565 2277 1617 Richworth,

474 1641 589 1683 dixit
626 1643 699 1683 uni
735 1644 855 1684 viro:
899 1643 1100 1695 ‘Hodie,'
1137 1644 1291 1697 inquit,
1326 1644 1584 1698 ‘pecuniam
1615 1658 1703 1686 non
1733 1658 1830 1686 sum
1866 1645 2069 1687 lucratus.
2132 1646 2276 1687 Immo

473 1722 590 1763 dabo
622 1722 713 1773 tibi,
744 1723 814 1763 vel
848 1724 1091 1778 cuicunque
1121 1723 1258 1774 alteri,
1295 1725 1370 1778 qui
1406 1724 1631 1779 perturbet
1666 1738 1821 1778 pacem
1856 1725 1899 1766 in
1935 1725 2017 1767 hac
2050 1726 2156 1767 villa
2189 1727 2274 1768 isto

473 1801 557 1853 die,
587 1816 719 1843 unam
755 1803 966 1856 potellam
999 1804 1099 1855 vini,
1135 1804 1238 1858 quia
1272 1811 1377 1849 tunc
1412 1805 1591 1847 lucrabo
1621 1806 1829 1859 pecunias
1846 1805 1868 1857 ;'
1905 1812 1950 1847 et
1978 1805 2066 1848 alio
2096 1806 2275 1860 jurante

473 1883 592 1936 quod
623 1884 898 1937 perturbaret
929 1898 1095 1938 pacem,
1128 1886 1290 1939 recepit
1318 1900 1344 1927 a
1369 1886 1532 1927 ballivo
1562 1887 1723 1936 vinum,
1751 1892 1807 1937 et,
1834 1886 1936 1928 vino
1967 1893 2134 1940 potato,
2164 1902 2273 1929 mox

471 1976 571 2004 cum
605 1963 692 2004 olla
727 1963 857 2018 fregit
888 1971 1020 2018 caput
1045 1964 1242 2018 ejusdem
1278 1966 1440 2017 ballivi,
1472 1967 1633 2016 dicens,
1663 1967 1789 2008 ‘Feci
1821 1980 1900 2020 pro
1937 1981 2025 2021 quo
2062 1982 2133 2010 me
2170 1982 2273 2010 con-

470 2042 637 2084 duxisti
654 2041 678 2093 3’
721 2049 765 2084 et
805 2056 965 2097 magna
999 2044 1050 2085 lis
1086 2050 1183 2086 orta
1219 2051 1323 2087 tunc
1358 2046 1440 2087 fuit
1475 2046 1588 2087 inter
1620 2038 1696 2087 eos
1732 2046 1775 2087 in
1809 2046 1963 2087 eadem
1996 2047 2111 2098 villa,
2152 2053 2196 2089 et
2227 2047 2271 2088 in

472 2123 628 2164 eodem
674 2129 828 2173 castro,
861 2129 905 2164 et
946 2124 1017 2174 sic,
1048 2125 1122 2178 qui
1163 2131 1311 2166 custos
1346 2125 1498 2167 fuisset
1543 2124 1664 2179 legis,
1706 2126 1922 2168 conduxit
1953 2127 2190 2178 hominem,
2223 2134 2271 2169 ut

469 2203 621 2245 fractae
661 2204 748 2245 sint
787 2203 918 2257 leges,
950 2210 998 2245 ut
1044 2204 1137 2258 ipse
1177 2205 1415 2248 lucraretur
1445 2220 1503 2247 ex
1534 2207 1877 2259 transgressione
1910 2207 2017 2261 legis
2048 2208 2269 2261 pecunias.

471 2282 598 2325 Istud
629 2283 709 2325 fuit
739 2283 904 2325 factum
936 2284 980 2324 in
1009 2284 1112 2326 villa
1141 2285 1197 2326 de
1226 2285 1515 2337 Pontefracto,
1543 2285 1586 2326 in
1619 2286 1828 2327 comitatu
1861 2287 2128 2329 Eboracensi
2145 2304 2156 2338 ;
2194 2288 2269 2341 qui

468 2364 578 2406 vidit
618 2363 724 2405 mihi
763 2363 1065 2405 testimonium
1106 2365 1342 2418 perhibuit,
1379 2378 1495 2407 anno
1531 2364 1712 2407 Domini
1749 2365 1870 2419 1448,
1903 2367 1947 2408 in
1980 2367 2173 2409 manerio
2213 2368 2270 2409 de

470 2444 672 2496 Hunslet,
703 2444 889 2485 Eborac.
921 2443 1032 2486 dioc.
1094 2445 1147 2486 In
1178 2459 1266 2499 quo
1297 2445 1490 2487 manerio
1520 2444 1580 2486 fui
1611 2452 1750 2487 natus.

584 2531 633 2575 [p.
659 2530 726 2573 η]
766 2525 921 2578 Nuper
951 2524 1068 2565 enim
1099 2525 1143 2566 in
1171 2525 1352 2580 Anglia,
1385 2526 1499 2567 circa
1529 2539 1693 2567 annum
1727 2526 1908 2569 Domini
1938 2540 2059 2583 1443,
2090 2528 2268 2570 inventa

467 2611 535 2647 est
566 2620 654 2647 una
684 2605 794 2647 falsa
824 2605 901 2647 lex
934 2605 1048 2646 inter
1080 2610 1274 2656 caeteras,
1306 2605 1426 2660 quod
1456 2605 1491 2647 si
1521 2604 1680 2659 aliquis
1718 2606 1887 2649 habens
1919 2613 2056 2650 terras
2089 2607 2266 2649 taliatas

466 2685 547 2727 sibi
579 2692 624 2728 et
652 2685 900 2728 haeredibus
925 2685 1023 2736 suis,
1044 2684 1242 2739 legitime
1274 2700 1332 2727 ex
1360 2686 1455 2740 ipso
1487 2687 1738 2739 procreatis,
1771 2693 1907 2742 ponat
1937 2688 2031 2729 illas
2061 2688 2106 2729 in
2133 2688 2266 2729 vadio

466 2766 523 2806 ad
574 2773 741 2809 certum
781 2772 957 2821 tempus
1003 2764 1132 2807 alicui
1181 2779 1261 2819 pro
1310 2764 1506 2820 pecuniis
1556 2772 1709 2808 mutuo
1761 2767 2029 2822 recipiendis,
2075 2774 2178 2809 tunc
2228 2767 2264 2807 si

466 2847 685 2889 mutuanti
726 2860 812 2890 non
845 2846 1069 2889 solvantur
1101 2846 1298 2900 pecuniae
1330 2845 1373 2886 in
1411 2845 1482 2887 die
1518 2846 1704 2899 praefixa
1745 2848 1962 2900 solutioni,
1997 2854 2102 2890 tunc
2137 2852 2265 2889 terrae
