2456 3210
582 249 714 285 LOCI
750 249 788 284 E
822 239 994 285 'LIBRO
1040 248 1382 284 VERJTATUM.
1814 257 1887 285 111

86 394 344 437 scandalum
379 391 527 443 venit‚'
568 393 593 433 i.
608 406 647 434 e.
677 406 746 434 vae
786 392 872 434 illi!
913 406 993 447 per
1032 392 1155 446 cujus
1192 393 1378 434 verbum
1415 392 1582 434 malum
1614 393 1684 434 vel
1724 392 1890 435 factum

86 475 255 517 malum
294 474 463 529 praebet
502 473 627 515 alteri
673 474 951 514 occasionem
990 474 1127 514 ruinae
1175 473 1220 514 in
1262 480 1507 527 peccatum,
1548 480 1592 516 et
1639 474 1683 514 in
1724 473 1890 514 malum

85 555 230 610 culpae
270 560 315 596 et
353 568 512 609 poenae.
572 553 708 596 Unde
750 553 910 595 beatus
958 554 1117 596 doctor
1153 553 1404 607 Jeronimus
1451 567 1583 608 super
1622 554 1890 603 Mattheum,

85 634 200 677 libro
228 635 279 689 ij⁰
302 648 481 676 suorum
503 633 944 685 Commentariorum,
964 634 1050 676 isto
1074 634 1211 676 modo
1231 640 1431 684 testatur,
1455 635 1616 686 dicens,
1638 637 1648 655 ‘
1663 634 1745 676 Ille
1765 648 1891 676 scan-

86 714 254 757 dalizat
276 714 514 764 hominem,
542 714 617 768 qui
646 713 766 755 dicto
792 714 910 755 malo
937 714 1008 756 vel
1034 714 1152 756 facto
1178 715 1456 756 occasionem
1482 715 1618 756 ruinae
1648 715 1891 769 cuicunque

87 796 179 846 dat,
210 795 286 849 qui
318 796 436 837 enim
467 794 634 836 bonum
664 793 817 836 fecerit
846 795 916 835 vel
946 802 1065 837 recte
1090 795 1265 844 dixerit,
1287 795 1323 836 si
1355 796 1513 849 aliquis
1540 795 1624 838 hoc
1647 796 1802 837 videns
1832 811 1891 837 ex

87 889 294 929 perverso
327 874 550 917 intellectu
586 888 664 916 seu
703 874 863 916 affectu
902 875 1032 924 malo,
1070 875 1235 916 malum
1271 890 1330 917 ex
1368 876 1598 918 occasione
1637 876 1752 917 illius
1785 877 1890 918 boni

89 961 216 997 actus
243 955 405 1007 fecerit,
433 961 539 997 tunc
574 955 718 1009 ipsum
750 968 838 996 non
872 954 1142 996 scandalizat
1170 957 1324 1006 active,
1355 957 1433 997 sed
1467 956 1578 997 alius
1609 956 1694 998 hoc
1723 957 1890 998 bonum

88 1036 267 1090 capiens
300 1035 622 1077 scandalizatur
654 1034 853 1089 passive‚’
884 1041 934 1076 ut
973 1041 1161 1077 testatur
1191 1035 1383 1078 Sanctus
1419 1037 1668 1078 Bernardus
1705 1038 1747 1078 in
1782 1037 1889 1091 Epi-

88 1114 204 1157 stola
233 1129 314 1157 sua
335 1115 395 1157 ad
425 1114 631 1157 abbatem
662 1114 817 1157 Sancti
844 1115 1033 1156 Dionisii
1065 1116 1111 1156 in
1142 1115 1351 1166 Francia3
1388 1117 1501 1158 sicut
1526 1117 1734 1158 Pharisaei
1765 1132 1891 1160 scan-

89 1195 270 1237 dalizati
308 1201 422 1245 sunt,
462 1195 490 1236 i.
513 1209 550 1238 e.
587 1195 696 1236 moti
736 1201 840 1236 sunt
874 1196 932 1236 ad
973 1195 1151 1247 malum,
1185 1196 1338 1238 audito
1378 1197 1512 1238 verbo
1549 1197 1640 1246 Xti,
1687 1205 1732 1239 et
1772 1198 1891 1239 Xtus

88 1275 206 1317 dixit
231 1274 455 1330 discipulis
479 1275 582 1324 suis,
604 1274 770 1317 ‘Sinite
799 1273 900 1326 eos,’
929 1289 990 1316 sc.
1011 1276 1295 1318 scandalizari
1326 1291 1384 1318 ex
1415 1278 1533 1318 bono
1563 1284 1664 1319 actu
1697 1279 1795 1328 mei,
1820 1278 1890 1319 vel

88 1355 286 1407 aliorum,
316 1355 420 1410 quia
447 1356 600 1410 pocius
631 1355 829 1409 permitti
863 1355 998 1397 debet
1028 1356 1286 1398 scandalum
1321 1357 1432 1408 oriri,
1466 1371 1599 1410 quarn
1636 1359 1890 1411 permittere

88 1441 141 1477 ut
165 1436 327 1478 veritas
355 1435 636 1490 relinquatur,
668 1442 718 1477 ut
748 1442 936 1477 testatur
966 1435 1158 1478 Sanctus
1187 1436 1424 1491 Gregorius
1460 1451 1577 1491 papa
1611 1452 1742 1492 super
1774 1438 1889 1480 Eze-

89 1514 290 1558 chielem.
349 1516 485 1559 Unde
523 1516 586 1559 sic
623 1516 748 1570 argui
792 1522 941 1571 potest
989 1523 1142 1558 contra
1187 1518 1557 1571 approprietarios
1597 1518 1889 1569 ecclesiarum,

89 1595 234 1638 facere
270 1609 359 1638 non
399 1596 600 1638 debitum
639 1603 686 1638 et
724 1596 929 1638 omittere
967 1602 1116 1638 actum
1147 1596 1314 1638 bonum
1354 1597 1568 1649 debitum,
1598 1606 1665 1640 est
1705 1600 1891 1641 mortale

88 1682 333 1731 peceatum,
366 1682 416 1718 ut
449 1683 574 1731 patet
609 1676 653 1717 in
688 1674 934 1730 Evangelio
973 1676 1164 1718 Matthei
1205 1678 1262 1718 de
1296 1691 1423 1719 servo
1458 1692 1650 1732 nequam
1686 1680 1761 1733 qui
1802 1694 1890 1720 non

89 1756 214 1798 dedit
242 1758 473 1812 pecuniam
498 1758 556 1799 ad
589 1771 800 1809 mensam,
831 1764 875 1799 et
908 1757 1099 1799 Matthei
1120 1762 1206 1812 25⁰,
1236 1760 1340 1812 quia
1375 1772 1463 1800 non
1495 1758 1691 1801 fecerunt
1722 1760 1888 1801 bonum

91 1831 192 1878 ideo
224 1836 451 1892 dampnati
481 1844 594 1889 sunt,
626 1838 706 1880 sed
738 1852 817 1892 per
847 1837 983 1879 talem
1014 1839 1420 1892 appropriacionem
1452 1839 1733 1881 ecclesiarum
1764 1841 1890 1894 plura

91 1915 220 1968 bona,
250 1918 402 1960 debita
439 1919 532 1961 fieri
573 1919 618 1960 in
657 1925 826 1961 rectore
866 1925 912 1960 et
949 1919 993 1959 in
1028 1919 1315 1973 parochianis,
1346 1920 1622 1968 omittuntur,
1657 1927 1702 1962 et
1741 1921 1889 1974 plures

91 1995 253 2038 animae
286 2011 346 2039 ex
382 1998 461 2041 tali
491 1999 730 2041 omissione
762 2000 1070 2053 dampnantur,
1105 2013 1211 2053 ergo
1242 2000 1544 2054 appropriacio
1583 2000 1684 2041 talis
1725 2008 1791 2042 est
1827 2002 1889 2041 vi-

91 2076 241 2128 tanda,
259 2083 311 2120 ut
337 2078 643 2133 dampnabilis,
665 2093 725 2121 ex
753 2093 841 2133 qua
868 2079 974 2120 talia
1003 2085 1222 2120 secuntur.
1284 2080 1411 2129 Item,
1435 2094 1493 2121 ex
1525 2080 1686 2121 talibus
1716 2081 1888 2121 omissis

93 2156 222 2197 bonis
252 2156 412 2211 pluries
446 2160 663 2214 contingit
693 2159 835 2202 multo
864 2160 1011 2213 plures
1040 2159 1085 2199 in
1113 2159 1331 2213 parochiis
1360 2160 1590 2214 dampnari
1622 2174 1755 2213 quam
1786 2168 1888 2201 sunt

93 2236 140 2277 in
179 2238 455 2280 monasteriis
492 2240 644 2283 nutriti
682 2254 762 2295 per
806 2240 919 2282 tales
958 2241 1352 2294 appropriaciones.
1412 2240 1595 2282 Talibus
1635 2241 1887 2294 appropria-

94 2316 292 2359 cionibus
324 2331 444 2372 saepe
476 2318 595 2362 bona
627 2320 871 2374 spiritualia
902 2321 947 2361 in
983 2320 1068 2360 illis
1107 2333 1196 2361 non
1229 2328 1582 2374 augmentantur,
1618 2320 1694 2361 sed
1736 2320 1887 2373 pocius

94 2403 353 2439 ornamenta
390 2399 619 2453 superflua,
648 2401 719 2442 vel
757 2414 846 2442 non
889 2400 1141 2451 necessaria,
1172 2400 1243 2442 vel
1286 2401 1449 2443 fercula
1487 2401 1651 2454 gulosa,
1688 2406 1731 2440 et
1772 2400 1887 2441 inso—

94 2477 248 2519 lenciae
281 2477 465 2530 viciosae‚
497 2485 543 2521 et
581 2480 813 2522 destructis
851 2479 1283 2535 appropriacionibus
1312 2495 1443 2523 causa
1477 2480 1632 2522 talium
1670 2479 1885 2520 malorum

95 2557 142 2598 in
172 2556 367 2611 pluribus
404 2556 511 2599 locis
549 2566 664 2602 esset
701 2561 937 2603 destructa.
998 2560 1127 2610 Item,
1162 2560 1273 2601 tales
1307 2561 1466 2614 quibus
1502 2559 1551 2600 fit
1585 2559 1886 2612 appropriacio

96 2636 376 2678 ecclesiarum
406 2643 534 2679 orant
555 2650 636 2692 pro
661 2639 745 2682 illis
770 2654 957 2695 quorum
982 2640 1165 2682 decimae
1192 2646 1237 2682 et
1263 2640 1513 2682 oblaciones
1540 2639 1887 2692 appropriantur,

96 2717 176 2758 sed
214 2715 355 2771 qualis
394 2716 573 2768 utilitas,
612 2731 713 2760 cum
751 2719 834 2774 ipsi
871 2721 1027 2774 viginti
1066 2720 1135 2762 vel
1174 2721 1353 2775 triginta
1397 2718 1582 2772 religiosi
1622 2718 1691 2759 vel
1736 2719 1886 2761 cathe-

97 2796 241 2838 draloe
279 2802 417 2847 orant,
447 2802 492 2838 et
531 2796 708 2840 ducenti
740 2800 810 2841 vel
843 2801 1047 2843 trescenti
1088 2799 1336 2854 parochiani
1378 2799 1570 2852 ipsorum
1602 2798 1730 2840 valde
1771 2800 1886 2841 male
