2456 3210
433 274 514 320 172
935 271 1067 306 LOCI
1101 271 1140 306 E
1178 271 1344 306 LIBRO
1393 271 1739 308 VERJTATUM.

431 430 512 458 sua
552 416 654 458 viris
699 422 744 457 et
789 415 1044 457 mulieribus
1093 417 1281 470 puplice,
1323 416 1367 456 in
1412 415 1587 470 placeis,
1634 416 1830 459 clamans
1871 418 2123 472 saepissime,
2163 420 2174 439 ‘
2196 417 2237 461 O

432 497 643 551 magister
673 497 860 546 Thoma,
897 496 937 539 O
973 496 1160 549 Thoma,
1192 496 1417 539 Thoma!'
1458 503 1504 539 et
1543 497 1734 540 inclusus
1774 499 1818 540 in
1855 499 1990 540 domo
2028 499 2242 542 violenter

433 592 514 632 per
553 578 674 630 alios,
716 578 874 620 eodem
918 591 1035 620 anno
1077 579 1229 620 mortis
1277 578 1478 632 praedicti
1518 579 1659 621 sancti
1708 579 1853 621 fratris
1903 586 2100 622 mortuus
2145 580 2241 622 fuit.

437 659 552 700 Haec
583 659 698 700 dixit
730 658 874 707 michi,
905 658 1095 700 Thomae
1122 659 1383 713 Gascoigne,
1414 659 1550 700 homo
1581 659 1740 701 nobilis
1771 661 1828 702 de
1858 674 1994 715 regno
2019 660 2242 715 Ungariae,

409 739 641 780 -dominus
679 738 890 780 Erasmus
926 739 1076 780 Fullar
1116 741 1333 790 sacerdos,
1370 740 1445 794 qui
1484 739 1581 783 haec
1621 736 1850 783 inRoma
1887 742 1999 784 vidit
2039 747 2085 784 et
2120 742 2243 784 novit

437 820 482 860 in
523 826 724 873 tempore
763 833 894 874 papae
935 820 1124 875 Eugenii
1161 819 1213 871 41,
1254 821 1328 875 qui
1370 820 1582 863 Erasmus
1623 821 1706 863 fuit
1747 822 1791 863 in
1831 822 1950 864 bello
1988 828 2242 877 perpetrato

436 913 517 954 per
564 899 714 941 Deum
761 900 916 954 Jesum
963 900 1118 952 Xtum,
1169 915 1285 943 anno
1327 901 1407 943 Xti
1456 901 1578 956 1456,
1621 902 1665 943 in
1711 901 1825 944 festo
1866 902 2046 945 Sanctae
2088 903 2243 944 Mariae

437 980 731 1035 Magdalenae,
767 981 812 1022 in
844 981 966 1035 cujus
1001 981 1115 1023 festo
1150 982 1295 1024 occisa
1330 982 1506 1024 fuerunt
1539 983 1596 1024 de
1630 982 1786 1025 Turcis
1815 984 2000 1038 paganis
2036 984 2080 1025 in
2117 997 2243 1026 exer-

436 1061 525 1103 citu
561 1061 837 1115 imperatoris
867 1061 1127 1111 Turcorum,
1153 1061 1441 1104 Waldewach
1471 1063 1661 1113 nomine,
1699 1070 1877 1105 centum
1914 1063 2051 1105 millia
2078 1063 2244 1106 Turco-

436 1155 534 1183 rum
575 1148 620 1183 et
660 1141 982 1196 quinquaginta
1022 1142 1160 1183 millia
1179 1159 1189 1193 ;
1232 1143 1277 1183 in
1317 1156 1407 1196 quo
1446 1143 1565 1184 bello
1611 1143 1728 1185 facto
1768 1144 1812 1184 in
1854 1157 1991 1198 regno
2032 1144 2243 1198 Ungariae

435 1222 610 1264 fuerunt
653 1222 892 1264 bellatores
939 1228 1114 1264 tantum
1157 1223 1328 1277 Ungari
1368 1237 1457 1265 non
1499 1223 1597 1265 aliae
1641 1230 1808 1277 gentes,
1849 1224 2048 1278 exceptis
2092 1225 2244 1279 paucis

435 1303 691 1344 Teutonicis
718 1303 1022 1345 habitantibus
1050 1304 1091 1344 in
1118 1304 1327 1358 Ungaria,
1350 1305 1395 1346 in
1416 1305 1640 1359 provincia
1668 1319 1743 1347 seu
1769 1306 1912 1360 patria
1939 1320 2039 1360 quae
2064 1312 2245 1348 vocatur

438 1392 461 1436 7
487 1383 773 1435 Castrorum;
811 1389 855 1425 et
883 1385 1119 1438 praedictus
1147 1384 1281 1426 frater
1301 1384 1502 1427 Thomas
1534 1386 1590 1427 de
1617 1385 1766 1436 Calva,
1794 1387 1852 1427 de
1883 1393 2101 1428 conventu
2122 1387 2244 1428 Nea-

435 1465 633 1519 politano
670 1466 713 1506 in
750 1478 886 1519 regno
919 1465 1147 1518 Neapolis,
1174 1465 1289 1515 fecit,
1322 1472 1586 1520 cooperante
1618 1466 1729 1518 Deo,
1756 1472 1849 1507 tam
1886 1479 2048 1520 magna
2075 1472 2119 1508 et
2149 1472 2243 1508 tam

435 1545 623 1599 plurima
654 1545 874 1595 miracula,
900 1546 1018 1599 quod
1049 1559 1166 1599 papa
1193 1544 1434 1587 Nicholaus
1467 1546 1645 1599 quintus
1679 1545 1817 1587 voluit
1851 1560 1952 1587 eum
1988 1546 2245 1588 canonizare

435 1631 481 1666 et
514 1625 557 1665 in
593 1625 795 1678 catalogo
827 1632 1079 1667 sanctorum
1115 1639 1277 1667 nomen
1314 1626 1408 1680 ejus
1439 1626 1639 1675 scribere,
1677 1626 1703 1668 i.
1721 1641 1758 1668 e.
1791 1627 1835 1667 in
1868 1626 1979 1668 libro
2015 1628 2072 1668 de
2102 1627 2244 1668 nomi-

438 1706 566 1747 nibus
597 1712 847 1747 sanctorum
878 1707 1054 1760 propria
1085 1721 1217 1748 manu
1254 1707 1390 1760 ipsius
1425 1720 1554 1760 papae
1585 1721 1746 1748 nomen
1777 1706 1871 1760 ejus
1906 1706 2133 1755 ascribere,
2165 1707 2244 1748 sed

439 1786 682 1828 cardinales
723 1787 976 1828 restiterunt
1016 1801 1144 1841 papae
1183 1787 1314 1829 valde
1355 1786 1483 1839 male,
1514 1794 1563 1828 ut
1602 1788 1746 1837 credo,
1788 1788 1985 1829 dicentes
2024 1787 2114 1829 illi:
2162 1790 2174 1808 ‘
2194 1786 2244 1829 Si

439 1867 498 1908 sit
537 1872 727 1917 sanctus,
761 1867 817 1908 sit
851 1874 1053 1918 sanctus3
1095 1882 1174 1909 nos
1216 1882 1303 1910 non
1344 1868 1547 1910 volumus
1582 1882 1683 1909 eum
1719 1868 1978 1917 canonizari,
2013 1868 2115 1922 quia
2155 1867 2245 1910 duo

440 1947 684 1990 cardinales
726 1960 828 1988 eum
864 1947 1060 1989 comburi
1100 1948 1297 1990 fecerunt
1329 1948 1374 1989 in
1417 1948 1565 1990 Roma
1584 1945 1609 2000 3’
1647 1954 1692 1989 et
1730 1954 1826 1990 tum
1862 1948 1982 1989 nulla
2017 1948 2134 1990 mala
2163 1961 2244 1990 nec

439 2028 551 2070 falsa
589 2027 835 2075 affirmavit,
876 2029 954 2069 sed
997 2042 1145 2069 eorum
1188 2030 1233 2069 in
1270 2029 1416 2070 Roma
1458 2028 1740 2082 praedicando
1780 2028 1978 2071 recitavit
2013 2035 2059 2071 et
2098 2042 2242 2083 repre-

439 2108 595 2150 hendit
625 2114 671 2149 et
701 2107 818 2149 mala
849 2121 944 2149 esse
975 2122 1126 2149 eorum
1158 2123 1291 2163 opera
1322 2116 1366 2151 et
1396 2108 1638 2163 poenalium
1668 2107 1833 2150 illativa
1863 2123 1959 2151 esse
1989 2109 2193 2151 ostendit.

556 2189 680 2243 Papa
715 2187 957 2230 Nicholaus
998 2189 1176 2242 quintus
1216 2189 1615 2231 excommunicavit
1655 2202 1839 2242 regnum
1876 2190 2099 2244 Ungariae,
2141 2189 2244 2244 quia

440 2270 661 2325 pecunias,
701 2269 909 2312 collectas
959 2269 1019 2310 ibi
1069 2284 1146 2324 per
1196 2270 1497 2324 indulgencias
1546 2283 1777 2311 concessas
1823 2285 1850 2312 a
1889 2285 2017 2326 papa,
2058 2283 2243 2324 regnum

440 2351 549 2392 illud
583 2351 835 2393 custodiunt
875 2350 957 2391 sub
992 2349 1074 2404 3ιω
1102 2350 1308 2401 clavibus,
1338 2351 1396 2392 ad
1427 2350 1715 2404 pugnandum
1748 2357 1902 2393 contra
1929 2351 2124 2411 Turcos3
2155 2364 2244 2404 quo

440 2433 607 2482 audito,
634 2445 818 2487 regnum
841 2431 1050 2485 Ungariae
1082 2431 1323 2485 appellavit
1353 2446 1380 2472 a
1410 2431 1595 2485 pedibus
1625 2445 1754 2485 papae
1785 2432 1989 2474 Nicholai
2018 2432 2077 2473 ad
2106 2431 2244 2486 pedes

442 2512 538 2563 Xti,
574 2527 654 2567 pro
691 2512 815 2566 cujus
838 2543 1039 2554 .......
1062 2513 1269 2565 pecunias
1299 2511 1396 2552 illas
1426 2518 1732 2563 servaverant3
1770 2520 1814 2555 et
1843 2512 2086 2555 Nicholaus
2112 2525 2242 2567 papa,

440 2595 603 2636 timens
643 2594 764 2648 quod
801 2592 972 2647 Ungari
1018 2592 1291 2643 rebellarent,
1330 2592 1449 2635 misit
1489 2592 1551 2633 eis
1591 2593 1789 2647 legatum
1827 2595 2082 2650 episcopum
2123 2593 2244 2634 Pisa-

442 2689 561 2726 num,
591 2675 649 2716 ad
685 2673 882 2716 dandum
911 2678 1179 2727 potestatem
1211 2673 1510 2715 sacerdotibus
1542 2673 1585 2714 in
1609 2673 1808 2728 Ungaria
1838 2675 1895 2716 ad
1925 2673 2243 2716 absolvendum

443 2769 597 2797 omnes
622 2755 665 2796 in
687 2755 762 2796 illo
787 2768 922 2809 regno
946 2753 1003 2795 ab
1032 2753 1107 2794 illa
1133 2754 1357 2796 sentencia
1385 2755 1872 2808 excommunicacionis,
1893 2761 1942 2797 ut
1969 2754 2085 2797 dixit
2112 2751 2245 2796 michi

443 2836 679 2889 praedictus
710 2835 920 2877 Erasmus
951 2834 1110 2887 Fullar,
1142 2835 1347 2877 sacerdos
1377 2834 1433 2876 de
1466 2834 1708 2889 Hungaria,
1740 2850 1855 2878 anno
1887 2835 1966 2877 Xti
2001 2835 2123 2889 1456.
