2456 3210
479 226 532 269 74
976 220 1107 255 LOCI
1141 220 1177 254 E
1217 219 1382 254 LIBRO
1430 218 1774 253 VERJTATUM.

480 363 686 418 Colligite
723 376 839 417 ergo,
873 363 913 405 O
948 362 1226 404 ecclesiastici
1269 367 1313 403 et
1352 359 1566 415 religiosi!
1609 360 1856 414 fragmenta
1890 361 2200 414 scripturarum
2234 364 2282 410 et

479 445 774 494 scienciarum,
817 458 872 485 ne
913 450 1107 497 pereant.
1169 440 1372 493 ‘Scribe,'
1412 442 1553 499 inquit
1587 442 1770 496 angelus
1806 448 1983 483 sanctus
2010 440 2201 494 Johanni
2234 439 2279 480 in'

479 524 751 579 Apocalipsi,
774 527 850 565 ‘ea
880 539 979 578 quae
1009 521 1162 565 vides.'-
1220 523 1386 564 Totum
1418 524 1534 564 enim
1566 523 1797 564 concilium
1821 522 2059 564 Basiliense
2079 521 2281 575 quaesivit

480 619 559 659 per
579 606 730 647 orbem
753 619 887 646 unum
917 605 1088 655 librum,
1108 604 1238 646 valde
1263 604 1566 655 necessarium,
1587 604 1643 645 de
1663 605 1799 658 gestis
1821 604 1864 644 in
1884 610 2084 657 ternpore
2105 610 2282 656 aposto·-

481 686 635 736 lorum,
657 694 701 727 et
724 699 810 727 non
839 685 920 727 fuit
947 692 1143 739 repertus
1174 685 1353 738 integer,
1374 685 1451 726 sed
1474 691 1716 739 corruptus,
1736 686 1779 725 in
1801 684 2089 726 monasteriis.
2148 681 2283 724 Tales

483 767 705 819 redarguit
728 766 955 815 Dominus,
976 766 1106 808 Oseae
1129 766 1207 818 iiij⁰
1229 765 1449 819 capitulo;
1474 764 1709 816 ‘Peccata,’
1732 765 1883 819 inquit,
1911 763 2083 819 ‘populi
2104 763 2190 804 mei
2211 775 2284 804 co-

485 847 667 887 medunt
681 844 711 896 ;’
738 847 781 886 id
804 853 886 896 est,
902 847 1050 887 oblata
1074 860 1151 900 pro
1167 852 1445 900 peccatorum
1468 846 1672 887 remediis
1693 846 1918 900 recipiunt,
1936 852 1981 887 et
1997 844 2148 886 debita
2169 856 2284 884 curae

485 941 572 967 non
595 927 717 967 fiunt.
781 926 820 968 O
844 933 1009 980 quanta
1039 927 1156 968 bona
1181 927 1426 968 sanctitatis
1447 926 1725 980 provenirent
1747 939 1804 967 ex
1826 925 1919 967 istis
1939 924 2068 966 bonis
2089 910 2285 966 ecclesiae

484 1007 694 1047 annexis!
760 1007 850 1048 Sed
883 1007 992 1048 heu!
1027 1021 1126 1048 cum
1158 1008 1366 1048 sederunt
1398 1013 1584 1048 rectores
1615 1013 1660 1048 et
1691 1006 1999 1060 praedicatores
2021 1005 2287 1046 manducare

487 1093 531 1127 et
566 1087 726 1137 bibere,
760 1093 865 1128 tunc
901 1094 1082 1141 surgunt
1117 1087 1265 1128 ludere
1302 1094 1346 1128 et
1387 1087 1554 1141 seipsos
1591 1087 1802 1140 decipere,
1835 1093 1880 1127 et
1919 1086 2102 1127 aliorum
2137 1096 2286 1127 curam

487 1167 721 1220 negligere.
785 1166 824 1208 O
867 1174 1032 1221 quanta
1073 1168 1191 1208 bona
1231 1181 1364 1220 opera
1406 1167 1683 1209 retrahuntur
1723 1181 1750 1208 a
1786 1180 1887 1207 cura
1927 1166 2170 1207 animarum
2210 1174 2289 1218 per

486 1247 893 1301 appropriacionem
938 1247 1215 1288 ecclesiarum
1256 1255 1300 1289 et
1340 1247 1661 1289 annexionem!
1737 1246 1853 1287 Vera
1895 1260 1996 1287 cura
2036 1245 2286 1293 destruitur,

490 1333 535 1368 et
570 1326 858 1380 hospitalitas,
893 1334 937 1368 et
978 1327 1119 1368 clerici
1157 1328 1408 1379 exhibendi,
1444 1335 1488 1370 et
1529 1328 1585 1369 ad
1622 1340 1747 1369 curas
1782 1327 1967 1368 vocandi
2001 1340 2026 1367 a
2062 1325 2208 1367 studio
2243 1331 2289 1366 et

490 1420 516 1455 a
547 1420 648 1447 cura
676 1407 932 1448 animarum.
994 1407 1270 1449 Sufficiencia
1300 1409 1544 1450 dotacionis
1572 1407 1764 1449 ecclesiae
1795 1407 2035 1458 deficiente,
2067 1407 2124 1447 ad
2156 1418 2290 1459 opera

492 1486 668 1528 curialia
689 1494 733 1528 et
756 1488 978 1528 mundana
998 1502 1045 1529 se
1066 1488 1343 1537 transferunt,
1360 1495 1408 1530 ut
1424 1490 1560 1530 vitam
1582 1501 1706 1529 suam
1728 1488 1771 1528 in
1794 1487 2027 1528 mundanis
2050 1493 2094 1528 et
2115 1485 2290 1528 caducis

493 1566 669 1607 ducant.
731 1566 770 1608 O
794 1574 958 1620 quanta
988 1569 1105 1608 bona
1131 1567 1224 1621 jam
1257 1569 1536 1610 retrahuntur
1565 1574 1609 1609 et
1640 1568 1932 1618 destruuntur,
1965 1573 2010 1608 et
2040 1572 2149 1620 quot
2175 1565 2291 1607 mala

495 1647 743 1687 nutriuntur
765 1653 808 1687 et
831 1661 916 1688 non
940 1649 1214 1689 eradicantur
1229 1662 1304 1702 per
1321 1649 1540 1690 defectum
1559 1662 1672 1690 curae
1693 1648 1936 1688 animarum
1953 1661 2052 1700 quae
2074 1647 2292 1700 praecipue

495 1726 733 1767 destruitur
761 1740 837 1779 per
864 1728 1244 1780 appropriaciones
1274 1726 1576 1770 ecclesiarum!
1638 1727 1727 1769 Sed
1756 1727 1867 1768 forte
1894 1727 2056 1776 dicunt,
2078 1727 2292 1769 ‘Oramus

497 1812 542 1847 et
572 1819 722 1859 preces
754 1812 797 1847 et
827 1813 930 1848 vota
959 1807 1179 1848 offerimus
1210 1822 1289 1861 pro
1318 1808 1478 1849 talibus
1505 1807 1777 1862 parochianis
1807 1820 1991 1860 quorum
2026 1807 2143 1847 bona
2175 1819 2291 1847 rece-

498 1885 667 1939 pimus.’
729 1884 817 1927 Sed
840 1886 1114 1928 considerent
1135 1888 1253 1940 quod
1276 1888 1409 1929 verbo
1441 1902 1520 1929 suo
1551 1893 1676 1928 orant
1697 1901 1775 1941 pro
1797 1901 1946 1927 eorum
1968 1886 2226 1936 salvacione‚
2248 1892 2292 1928 et

497 1972 594 2006 tum
630 1979 708 2019 per
739 1965 957 2006 defectum
992 1980 1105 2008 curae
1138 1974 1182 2008 et
1217 1982 1295 2022 per
1327 1968 1622 2010 retraxionem
1650 1967 1864 2008 bonorum
1898 1968 2090 2009 ecclesiae
2123 1968 2293 2009 destru-

499 2051 632 2086 untur
672 2051 716 2086 et
757 2045 1033 2087 retrahuntur
1082 2060 1216 2100 opera
1267 2048 1509 2090 necessaria
1559 2047 1687 2088 saluti
1732 2053 1909 2089 aeternae
1960 2047 2291 2101 consequendae,

500 2125 676 2175 scilicet,
709 2125 966 2179 exemplum
997 2126 1124 2167 bonae
1160 2127 1274 2176 vitae,
1309 2128 1507 2170 doctrina
1549 2127 1791 2168 necessaria
1822 2135 1866 2168 et
1898 2127 2027 2178 utilis,
2063 2126 2292 2169 consilium

501 2211 682 2252 rectum,
720 2213 764 2247 et
803 2205 1017 2246 auxilium
1057 2213 1208 2248 contra
1248 2209 1583 2261 temptacioneS,
1617 2214 1661 2248 et
1699 2206 1961 2258 elemosinae,
1994 2207 2214 2249 exhibicio
2250 2213 2295 2248 et

502 2291 874 2327 sacramentorum
911 2292 1030 2327 recta
1065 2287 1403 2329 administracio.
1463 2286 1709 2370 Apostglgiis
1726 2288 1861 2358 ekenim
1899 2272 2096 2342 praeci'pit
2132 2287 2295 2329 elemo-

503 2365 642 2406 sinam
676 2365 766 2407 fieri
803 2380 860 2407 ex
897 2366 1023 2406 bonis
1053 2379 1183 2420 supra
1219 2328 2057 2487 necessitlagefyssuperiiabundantibus.
2118 2367 2178 2409 Et
2195 2367 2296 2408 ideo

502 2446 635 2487 verbo
664 2452 759 2487 orat
790 2459 869 2499 pro
901 2446 1041 2487 salute
1071 2445 1254 2487 aliorum
1288 2454 1331 2488 et
1363 2447 1450 2488 fact
1507 2460 1586 2487 suo
1619 2447 1912 2498 destruuntur,
1942 2455 1986 2490 et
2021 2447 2297 2490 retrahuntur

503 2525 619 2567 salus
641 2527 879 2568 eorundem
900 2532 944 2567 et
965 2539 1099 2579 opera
1119 2525 1248 2567 saluti
1269 2534 1444 2568 aeternae
1466 2527 1705 2567 necessaria
1712 2542 1723 2574 ς
1753 2541 1864 2568 unus
1886 2541 1990 2582 ergo
2010 2527 2232 2569 aedificans
2253 2533 2297 2568 et

504 2605 613 2646 alius
635 2606 874 2658 destruens,
895 2620 994 2659 quae
1021 2605 1185 2646 utilitas
1205 2607 1338 2647 verbo
1360 2605 1549 2647 aedificat
1570 2613 1614 2647 et
1635 2606 1760 2648 sactis
1781 2608 1868 2648 suis
1889 2608 2074 2649 salutem
2097 2606 2295 2660 impedit,

506 2686 607 2736 quia
647 2699 794 2727 curam
835 2687 1078 2727 animarum
1120 2685 1316 2727 destruit.
1377 2679 1498 2747 liffleo
1534 2686 1737 2727 dominus
1773 2687 2100 2738 Lincolniensis,
2135 2693 2297 2728 sanctae

508 2766 728 2806 memoriae
751 2767 915 2817 doctor,
938 2772 982 2808 et
1014 2765 1254 2819 episcopus,
1280 2765 1498 2807 Robertus
1522 2765 1781 2816 Grossetest,
1806 2769 1847 2808 in
1879 2767 2174 2822 propositione
2205 2780 2295 2815 sua,
