2456 3210
475 267 556 310 130
975 260 1107 297 LOCI
1141 261 1180 295 E
1218 260 1384 297 LIBRO
1433 259 1779 296 VERITATUM.

473 418 681 446 concessa
705 419 805 459 quae
832 396 1072 447 multorum
1095 405 1311 446 malorum
1335 410 1437 446 sunt
1459 404 1573 445 inter
1591 417 1667 445 eos
1688 403 1911 445 causativa
1935 415 2014 456 per
2040 401 2279 443 eorundem

474 485 673 527 abusum.

589 572 632 616 [p.
667 572 734 614 η]
803 566 876 609 Sic
917 581 1057 621 nuper
1096 581 1207 608 unus
1246 566 1385 608 abbas
1426 566 1616 608 obtinuit
1660 581 1686 608 a
1727 579 1844 620 papa
1883 565 2010 619 plura
2054 563 2287 618 privilegia·

472 638 625 689 contra
671 662 798 689 suum
838 649 1096 703 episcopum
1137 649 1182 689 in
1223 654 1498 702 perpetuum,
1539 653 1584 689 et
1625 647 1754 689 solvit
1802 646 1980 688 cuilibet
2027 658 2156 699 papae
2203 657 2281 685 an-

472 730 642 771 nuatim
676 744 742 770 xx
776 743 958 781 marcas,
995 735 1039 771 et
1072 744 1140 770 xx
1173 729 1247 770 lib.
1288 730 1518 771 annuatim
1554 729 1659 782 regi,
1695 739 1748 769 ne
1785 742 1864 769 rex
1904 727 2067 768 habeat
2106 731 2278 778 tempo-

471 809 584 851 rales
628 811 825 852 redditus
863 810 1087 853 abbathiae
1126 816 1227 865 post
1269 815 1457 852 mortem
1498 809 1681 863 alicujus
1720 809 1896 851 abbatis
1938 808 2053 849 illius
2093 806 2192 856 loci,
2234 812 2280 847 et

469 889 544 931 ille
583 890 702 932 idem
743 891 883 933 abbas
928 891 1228 946 appropriavit
1276 904 1410 932 unam
1451 903 1659 944 magnam
1708 889 1937 932 ecclesiam
1978 885 2278 942 parochialem

468 984 558 1011 suae
608 970 841 1021 abbathiae,
883 986 942 1013 ex
990 970 1113 1024 cujus
1163 970 1358 1013 ecclesiae
1399 970 1527 1012 bonis
1576 970 1707 1013 solvit
1755 970 2015 1025 praedictam
2056 979 2277 1009 summam

469 1052 710 1104 annuatim,
750 1065 880 1106 papae
921 1057 966 1093 et
1007 1051 1111 1106 regi,
1151 1065 1220 1092 xx
1261 1064 1518 1100 marcarum,
1551 1057 1597 1093 et
1635 1065 1703 1091 xx
1739 1050 1961 1101 librarum,
2003 1056 2048 1091 et
2089 1061 2201 1098 cura,
2237 1051 2281 1087 et

470 1131 636 1172 bonurn
673 1132 870 1186 regimen
904 1131 1020 1173 illius
1057 1131 1254 1174 ecclesiae
1293 1131 1557 1186 parochialis
1596 1145 1675 1185 per
1715 1131 1836 1172 illam
1876 1129 2280 1185 appropriationem

470 1213 720 1265 destruitur,
761 1219 805 1255 et
847 1213 922 1255 illa
962 1213 1175 1255 abbathia
1216 1212 1336 1254 milia
1376 1217 1525 1267 potest
1564 1211 1792 1254 annuatim
1829 1211 2093 1265 expendere,
2135 1215 2180 1250 et
2221 1208 2281 1249 ibi

469 1293 622 1335 vivunt
654 1301 701 1336 ut
733 1294 901 1335 domini
933 1293 1143 1336 deliciosi.

588 1375 716 1424 Item,
755 1388 894 1429 nuper
930 1389 1042 1416 unus
1076 1374 1326 1415 mundanus
1367 1374 1572 1415 sacerdos
1612 1373 1804 1428 optinuit
1842 1373 2070 1414 licenciam
2106 1384 2132 1412 a
2163 1381 2282 1424 papa

469 1533 648 1587 Anglia,
674 1549 752 1589 per
782 1536 1075 1590 provisionem
1102 1549 1244 1589 papae,
1266 1534 1359 1576 sine
1390 1534 1608 1576 eleccione
1638 1540 1683 1576 et
1713 1534 1807 1575 sine
1838 1547 2052 1575 consensu
2082 1530 2280 1585 ejusdem

471 1615 663 1668 capituli,
699 1622 743 1657 et
784 1616 878 1658 sine
914 1629 1130 1657 consensu
1168 1615 1363 1670 episcopi
1404 1614 1522 1656 illius
1562 1614 1768 1665 ecclesiae,
1800 1627 1887 1655 non
1924 1614 2132 1655 obstante
2171 1625 2280 1665 quo-

471 1710 660 1750 cumque
690 1696 787 1749 jure
819 1697 863 1737 in
894 1696 1161 1738 contrarium
1195 1710 1272 1737 seu
1307 1695 1536 1750 privilegio
1571 1696 1691 1750 prius
1724 1708 1931 1737 concesso
1962 1693 2024 1734 illi
2055 1692 2280 1741 ecclesiae3

472 1782 518 1818 et
557 1776 743 1818 ecclesia
783 1775 857 1817 illa
900 1776 1164 1818 cathedralis
1203 1777 1245 1817 vi
1287 1783 1332 1817 et
1371 1776 1503 1817 armis
1544 1776 1583 1817 ei
1625 1776 1887 1827 restiterunt,
1929 1775 1991 1816 ita
2031 1773 2151 1828 quod
2191 1785 2280 1814 non

471 1857 666 1899 intrabat
707 1857 751 1897 in
793 1855 1022 1898 ecclesiam
1064 1856 1199 1907 illam,
1230 1862 1275 1897 et
1316 1862 1366 1898 ut
1406 1856 1518 1898 alius
1559 1856 1724 1898 electus
1764 1870 1842 1910 per
1881 1855 2124 1911 capitulum
2164 1859 2281 1895 esset

472 1938 666 1979 decanus
706 1937 750 1977 in
792 1937 949 1978 eadem
991 1937 1183 1986 ecclesia,
1224 1950 1336 1978 unus
1378 1950 1458 1978 rex
1498 1936 1684 1978 contulit
1724 1937 2026 1990 episcopatum
2066 1935 2280 1990 praedicto

470 2018 575 2069 viro,
605 2017 779 2071 proviso
810 2029 888 2071 per
917 2030 1080 2070 papam
1111 2016 1364 2070 Eugenium
1395 2017 1439 2058 in
1466 2017 1682 2059 decanatu
1715 2017 1955 2071 praedicto;
1994 2023 2039 2059 et
2071 2016 2132 2058 sic
2162 2028 2280 2069 papa

471 2098 663 2140 absolvit
693 2111 847 2139 omnes
879 2097 1131 2138 resistentes
1161 2097 1206 2138 in
1238 2097 1433 2146 materia,
1457 2097 1531 2151 qui
1562 2097 1856 2151 impedierant
1884 2111 1985 2138 eum
2014 2112 2041 2139 a
2068 2096 2280 2151 praedicto

472 2180 704 2229 decanatu,
732 2191 843 2232 quos
883 2191 1001 2232 papa
1031 2183 1163 2219 antea
1205 2178 1694 2229 excommunicaverat3
1737 2184 1782 2219 et
1813 2179 1931 2219 idem
1962 2178 2162 2232 provisus
2199 2190 2279 2218 ex-

471 2260 628 2314 pendit
659 2260 703 2300 in
739 2259 823 2300 ista
856 2258 1039 2299 materia
1074 2258 1298 2311 praedictae
1332 2258 1592 2312 provisionis
1624 2258 1668 2298 in
1699 2258 1964 2300 decanatum
1995 2258 2111 2300 illius
2141 2257 2279 2299 eccle-

472 2341 548 2381 siae
580 2339 701 2381 mille
732 2352 900 2380 marcas
932 2344 976 2379 et
1008 2338 1365 2391 quadringentas,
1398 2343 1443 2380 et
1474 2338 1660 2392 ipsemet
1697 2338 1823 2389 dixit,
1857 2353 1929 2381 me
1959 2340 2124 2382 sciente
2159 2339 2278 2394 quod

473 2422 535 2463 sic
566 2420 682 2462 dixit
713 2419 769 2461 de
799 2420 956 2472 seipso,
992 2425 1036 2459 et
1066 2418 1148 2460 fuit
1178 2419 1244 2460 vir
1275 2420 1352 2461 vix
1389 2417 1725 2472 grammaticam
1761 2433 1837 2460 seu
1873 2420 2088 2462 vocabula
2118 2420 2280 2462 Latina

474 2501 736 2556 intelligens,
769 2505 814 2541 et
853 2498 936 2541 fuit
974 2498 1104 2539 valde
1146 2499 1408 2548 mundanus,
1441 2503 1486 2539 et
1521 2498 1706 2540 carnalis
1750 2500 1794 2540 in
1836 2501 2056 2543 moribus:
2097 2506 2142 2542 et
2181 2505 2278 2543 tum

474 2580 610 2635 aliqui
639 2581 841 2623 doctores
869 2578 1046 2620 nomine
1074 2578 1284 2620 dixerunt
1312 2577 1403 2632 regi
1431 2577 1550 2631 quod
1578 2577 1660 2619 fuit
1687 2592 1798 2633 opus
1825 2587 2026 2623 sanctum
2047 2586 2092 2622 et
2112 2581 2278 2622 bonum

474 2661 714 2703 concedere
753 2660 836 2702 sibi
883 2658 1106 2701 licentiam
1148 2658 1272 2713 regis,
1315 2663 1364 2700 ut
1409 2663 1525 2699 esset
1565 2658 1795 2714 episcopus
1835 2661 1880 2702 in
1915 2660 2089 2713 wallia,
2129 2665 2174 2702 et
2217 2660 2279 2702 sic

474 2748 665 2783 cessaret
694 2741 748 2783 lis
778 2741 892 2782 inter
921 2740 1064 2794 ipsum
1103 2743 1148 2779 et
1178 2738 1313 2779 alium
1349 2737 1489 2778 virum
1519 2738 1593 2791 qui
1624 2739 1705 2782 fuit
1737 2740 1902 2783 electus
1934 2741 1978 2783 in
2013 2741 2278 2784 decanatum

475 2822 735 2874 praedictum
766 2821 965 2876 ejusdem
997 2819 1191 2862 ecclesiae
1221 2832 1299 2873 per
1329 2816 1585 2871 capitulum.
