2456 3210
689 326 820 362 LOCI
854 326 894 362 E
932 326 1098 361 LIBRO
1143 326 1489 363 VERJTATUM.
1915 327 1991 371 177

189 473 225 515 si
260 484 466 525 cuperem
501 484 595 512 esse
634 470 919 524 pecuniarum
953 469 1191 511 multarum
1228 470 1406 512 fidelem
1446 470 1774 524 adquisitorem‚
1812 467 1994 510 mallem

189 566 287 595 esse
313 553 457 594 bonus
486 557 609 592 sutor
642 563 778 605 quam
807 549 1124 591 scientissimus
1153 550 1310 592 doctor
1338 552 1383 591 in
1411 550 1591 605 Anglia,
1621 551 1843 592 existente
1874 554 1994 590 statu

190 634 235 675 in
264 632 433 687 Anglia
467 637 517 673 ut
547 637 615 673 est
650 630 871 672 modernis
910 630 1184 684 temporibus
1203 631 1233 682 3'
1273 633 1399 673 testis
1432 633 1550 673 enirn
1585 638 1652 673 est
1689 630 1822 673 michi
1854 630 1992 678 Deus,

190 714 312 768 quod
342 712 521 755 mallem
540 712 682 753 bonos
712 717 757 752 et
783 710 932 765 plures
961 711 1271 764 praedicatores
1296 712 1417 753 verbi
1440 712 1525 753 Dei
1558 712 1602 752 in
1628 712 1794 766 populo
1814 710 1994 764 Angliae

191 793 471 847 multiplicari
509 805 644 846 quam
674 804 828 832 omnes
866 791 1046 833 divicias
1074 792 1340 846 temporales
1380 807 1480 847 quae
1511 799 1614 834 sunt
1644 806 1745 834 curn
1776 792 1996 833 ditissimo

189 874 370 915 homine
398 872 590 926 Angliae.
666 872 766 913 Deo
796 885 970 925 semper
998 873 1179 925 gracias,
1209 887 1351 922 amen,
1385 880 1430 915 et
1461 873 1604 914 omnis
1635 874 1813 926 spiritus
1843 872 1994 913 laudet

192 954 340 996 Deum
367 967 555 1007 semper.
613 952 777 994 Amen.

309 1034 370 1076 Et
405 1033 679 1082 Psalterium,
715 1034 969 1086 expositum
1010 1039 1055 1074 et
1095 1034 1305 1087 scriptum
1338 1048 1471 1076 manu
1514 1049 1592 1076 sua
1633 1034 1821 1088 propria,
1859 1033 1995 1087 regis-

189 1121 332 1157 tratur
363 1114 555 1157 Oxoniae
585 1111 663 1169 (sc.
685 1111 994 1169 Grosseteste),
1025 1114 1140 1156 inter
1177 1114 1334 1156 fratres
1373 1116 1575 1164 minores,
1609 1114 1858 1168 Episcopus
1888 1113 1996 1154 Lin-

191 1194 304 1237 coln.
334 1195 390 1236 d:
419 1200 465 1236 et
495 1193 756 1236 Psalterium
787 1208 928 1244 suum,
953 1195 1073 1248 quod
1104 1208 1192 1235 non
1223 1195 1427 1237 scribitur
1456 1209 1589 1236 manu
1621 1195 1797 1249 propria
1826 1193 1995 1235 domini

192 1274 524 1326 Lincolniensis,
553 1274 811 1329 registratur
841 1275 1016 1326 ibidem,
1048 1275 1296 1329 Episcopus
1326 1275 1527 1317 Lincoln.
1556 1275 1600 1316 ff.

306 1362 352 1405 [p.
380 1360 471 1406 352]
527 1359 822 1396 Poeniteneia.
883 1355 936 1396 In
976 1356 1180 1396 omnibus
1215 1355 1299 1397 hiis
1337 1370 1438 1410 quae
1479 1356 1685 1397 dicuntur
1719 1361 1871 1397 contra
1907 1354 1994 1409 Sy-

191 1436 384 1477 moniam
417 1449 505 1477 non
537 1441 850 1477 convertuntur
879 1434 1146 1489 Symoniaci.
1208 1435 1260 1476 In
1289 1437 1494 1477 omnibus
1522 1436 1607 1476 hiis
1642 1450 1742 1490 quae
1774 1436 1994 1486 dicuntur,

192 1530 281 1558 non
309 1517 550 1558 residentes
577 1517 622 1558 in
650 1531 801 1558 eorum
830 1517 943 1558 curis
970 1522 1016 1557 et
1047 1522 1199 1558 contra
1229 1517 1608 1571 appropriationes
1636 1517 1916 1558 ecclesiarum
1949 1523 1995 1558 et

192 1597 419 1651 indignam
458 1597 746 1639 collacionem
786 1597 951 1652 gradus
988 1597 1238 1639 scholastici
1274 1598 1319 1639 in
1355 1598 1712 1639 universitatibus
1748 1598 1993 1639 studiorum

190 1674 300 1733 (sic),
323 1691 411 1718 non
438 1684 541 1719 sunt
566 1678 762 1719 conversi
791 1678 836 1718 in
864 1683 961 1719 toto
989 1678 1122 1718 corde
1142 1691 1234 1728 suo,
1255 1683 1322 1718 set
1344 1678 1388 1718 in
1411 1678 1654 1719 mendacio.
1719 1678 1760 1720 O
1790 1677 1990 1731 Symon!

192 1756 390 1811 Symon!
432 1758 508 1800 i.e.
540 1758 768 1812 Symonia,
795 1758 940 1799 habeo
969 1758 1049 1798 tibi
1080 1757 1246 1811 aliquid
1277 1759 1431 1808 dicere,
1456 1759 1534 1799 sed
1566 1758 1679 1800 sorte
1709 1759 1818 1800 dicis
1849 1758 1992 1809 michi,

192 1837 444 1892 ‘Magisten
470 1839 554 1886 dic,
580 1839 608 1880 i.
625 1853 663 1880 e.
694 1840 815 1880 dicas
847 1853 947 1893 quae
983 1839 1059 1887 vis,
1093 1839 1207 1891 quia,
1240 1851 1327 1880 non
1363 1853 1520 1880 curans
1554 1840 1612 1882 de
1647 1839 1803 1891 verbis,
1833 1840 1991 1881 faciam

192 1924 242 1959 ut
276 1917 386 1960 feci?
446 1919 487 1961 O
517 1919 759 1974 Symonia!
793 1926 903 1974 quot
936 1927 1087 1961 sancta
1120 1920 1294 1973 ingenia
1326 1927 1579 1961 sanctorum
1606 1921 1838 1963 doctorum
1863 1922 1993 1961 desu-

192 1999 341 2040 dando
379 1999 686 2042 laboraverunt
725 2001 955 2043 scribendo
995 2007 1146 2042 contra
1187 2007 1244 2052 te,
1285 2007 1330 2042 et
1369 2007 1522 2043 contra
1566 2001 1713 2043 literas
1753 2009 1800 2044 et
1838 2014 1991 2055 preces

192 2079 483 2131 dominorum,
515 2082 591 2136 qui
626 2082 768 2135 magis
797 2087 1059 2135 promovent
1093 2081 1318 2122 hominem
1348 2088 1393 2123 et
1422 2082 1652 2124 conferunt
1682 2083 1721 2123 ei
1753 2082 1992 2135 dignitates

194 2165 239 2200 et
281 2159 426 2201 officia
468 2174 549 2215 pro
594 2162 751 2203 litteris
789 2161 1021 2203 hominum
1060 2174 1193 2214 quam
1233 2175 1314 2215 pro
1353 2161 1508 2204 litteris
1549 2163 1635 2203 Dei
1684 2163 1730 2203 in
1775 2162 1990 2214 scriptura

192 2252 327 2291 sacra,
357 2245 404 2281 et
430 2242 661 2295 praeceptis
691 2242 789 2294 Dei,
820 2243 895 2296 qui
925 2242 1124 2296 praecipit
1155 2241 1278 2282 illum
1309 2242 1411 2297 eligi
1439 2243 1515 2297 qui
1545 2250 1613 2285 est
1642 2248 1895 2296 assumptus
1930 2242 1990 2282 ab

192 2319 456 2369 hominibus,
492 2321 563 2364 i.e.
598 2329 826 2377 separatus
862 2324 918 2364 ab
959 2322 1210 2376 ignorancia
1242 2328 1288 2364 et
1328 2325 1560 2365 mundanis
1597 2322 1989 2377 occupacionibus;

191 2401 270 2441 sed
310 2401 355 2441 in
390 2402 611 2443 omnibus·
629 2403 714 2444 hiis
754 2417 842 2445 non
880 2409 980 2444 sunt
1015 2401 1210 2444 conversi
1244 2403 1301 2443 ad
1335 2403 1482 2444 Deum
1518 2405 1561 2445 in
1597 2410 1693 2444 toto
1728 2403 1860 2444 corde
1893 2415 1986 2449 suo,

191 2480 270 2522 sed
301 2480 345 2521 in
373 2481 604 2523 mendacio
623 2483 858 2534 simoniaci,
880 2490 925 2525 et
954 2483 1066 2524 tales
1093 2482 1373 2524 ecclesiarum
1398 2491 1443 2525 et
1470 2484 1710 2525 officiorum
1734 2481 1986 2532 collatores;

192 2561 352 2603 litterae
392 2562 509 2602 enim
550 2567 595 2604 et
632 2564 767 2606 verba
803 2565 1080 2606 dominorum
1117 2577 1196 2617 pro
1236 2563 1384 2617 aliquo
1423 2564 1723 2617 promovendo
1762 2561 1833 2602 vel
1870 2561 1988 2602 ordi-

193 2641 343 2682 nando
375 2641 420 2682 in
452 2641 635 2684 ecclesia
669 2650 813 2686 essent
844 2646 996 2699 pocius
1029 2658 1130 2686 vere
1164 2643 1451 2686 testificancia
1485 2644 1728 2692 scienciam,
1763 2643 1912 2692 vitam,
1943 2648 1990 2684 et

193 2722 350 2763 merita
378 2735 588 2776 personae,
620 2729 665 2764 et
693 2723 967 2767 voluntatem
1002 2725 1212 2766 fervidam
1242 2725 1422 2778 regendi
1458 2724 1569 2766 tales
1605 2722 1804 2764 homines
1835 2722 1879 2762 in
1909 2722 1989 2763 tali

193 2801 401 2856 parochia
437 2816 513 2843 seu
546 2802 708 2844 diocesi
735 2817 870 2858 quam
905 2805 1215 2861 supplicatoria
1249 2805 1319 2846 vel
1350 2805 1594 2847 minatoria.
1654 2803 1760 2843 Vita
1795 2803 1912 2843 enim
1943 2810 1990 2846 et

191 2883 378 2926 sciencia
414 2889 460 2925 et
491 2883 608 2925 salus
643 2884 887 2928 animarum
922 2893 1149 2929 moverent
1183 2887 1384 2929 homines
1414 2886 1471 2927 ad
1507 2883 1819 2927 conferendum
1852 2884 1990 2928 eccle-

1047 2966 1079 2997 A
1102 2970 1127 2998 a
