2456 3210
695 344 827 383 LOCI
861 344 901 382 E
937 344 1103 382 LIBRO
1150 344 1494 382 VERITATUM.
1920 350 2002 397 203

192 498 354 529 omnes
383 487 621 531 elecciones
650 489 930 544 dignitatum,
961 495 1006 531 et
1040 496 1265 532 reservant
1293 489 1375 530 sibi
1421 489 1527 543 ipsis
1566 488 1808 531 elecciones
1843 502 2001 531 omnes

201 567 496 621 dignitatum:
541 576 586 612 et
620 569 714 624 Jam
755 577 824 612 est
863 584 966 612 usus
1005 571 1051 611 in
1089 569 1257 624 Anglia
1296 570 1416 624 quod
1462 570 1664 612 homines
1702 569 1935 624 acquirunt
1974 583 2003 611 a

201 662 304 703 rege
330 649 570 703 licenciam,
591 657 641 693 ut
667 652 750 706 ipsi
780 658 959 706 possent
985 652 1184 705 accipere
1211 658 1257 693 et
1286 658 1517 706 acceptare
1545 651 1840 706 provisionem
1871 661 2001 705 papae

201 729 259 770 ad
300 730 435 772 talem
483 732 797 786 episcopatum,
835 731 907 773 vel
946 732 1005 773 ad
1044 732 1181 774 talem
1222 733 1487 774 decanatum
1532 731 1779 786 eligibilem,
1821 738 1868 773 et
1907 732 2003 785 ipsa

202 808 382 851 licencia
420 825 448 852 a
487 825 589 866 rege
626 818 811 866 optenta
850 825 968 866 papa
1011 818 1157 854 cassat
1197 812 1463 855 eleccionem
1503 812 1667 870 factam
1708 811 1918 854 canonice
1958 811 2003 852 in

202 890 386 932 ecclesia
414 891 636 946 Anglica3
667 899 711 935 et
741 894 803 935 sic
837 893 1055 935 Ricardus
1089 893 1298 943 Andrew,
1330 895 1523 936 decanus
1553 899 1799 948 praetensus
1834 892 2004 934 Ebora-

202 972 355 1023 censis,
382 973 456 1026 qui
486 972 640 1015 habuit
674 973 900 1016 licenciam
929 988 957 1015 a
990 987 1093 1028 rege
1122 973 1312 1028 Angliae,
1342 974 1540 1016 Henrico
1571 973 1727 1025 Sexto,
1756 973 1815 1014 ad
1846 985 2002 1026 accep-

202 1052 386 1095 tandam
407 1054 699 1107 provisionem
719 1069 848 1109 papae
869 1055 1074 1097 Nicholai
1094 1055 1235 1110 quinti
1259 1056 1499 1098 decanatus
1520 1054 1715 1097 ecclesiae
1740 1052 2005 1096 cathedralis

204 1132 507 1186 Eboracensis,
534 1134 638 1177 fecit
664 1135 930 1178 eleccionem
952 1135 1164 1178 Willelmi
1192 1136 1505 1191 Bernyngham
1533 1137 1577 1178 in
1603 1135 1711 1176 illud
1738 1135 2003 1176 decanatum

202 1214 364 1255 cassari
394 1221 438 1256 et
468 1215 708 1267 adnullari;
744 1223 790 1258 et
821 1216 925 1269 quia
957 1216 1142 1258 ministri
1175 1216 1289 1258 illius
1325 1216 1508 1259 ecclesia
1539 1215 1830 1257 Eboracensis
1861 1214 2004 1269 primo

205 1293 438 1337 noluerunt
476 1296 710 1338 admittere
751 1297 896 1350 ipsum
943 1296 1183 1338 Ricardum
1223 1297 1445 1350 provisum
1495 1298 1540 1337 in
1585 1297 1862 1347 decanatum,
1903 1295 2004 1337 ideo

198 1373 304 1416 fecit
336 1389 411 1417 eos
445 1389 525 1430 per
557 1375 680 1418 illurn
715 1391 879 1431 papam
913 1378 1285 1420 excommunicari
1319 1385 1364 1420 et
1405 1378 1635 1420 ecclesiam
1672 1377 1794 1419 illam
1831 1376 2003 1418 Ebora-

202 1468 378 1496 censem
397 1469 425 1497 a
444 1456 601 1498 divinis
621 1456 774 1499 officiis
794 1471 873 1512 per
889 1489 899 1498 .
914 1490 922 1498 .
939 1490 948 1499 .
964 1490 972 1499 .
990 1458 1260 1511 septimanas
1285 1458 1504 1511 suspendi.
1564 1457 1674 1499 Vael
1704 1455 1798 1499 vae!
1827 1457 1920 1498 vae!
1958 1463 2004 1499 et

204 1536 382 1590 quando
412 1537 597 1580 abbates
624 1538 695 1579 vel
724 1538 798 1579 alii
829 1545 931 1580 sunt
961 1552 1041 1593 per
1073 1538 1300 1580 licenciam
1328 1552 1457 1592 papae
1488 1538 1701 1592 exempti,
1730 1544 1776 1580 et
1802 1537 2005 1592 jurisdic-

203 1614 313 1656 tioni
348 1614 444 1669 ejus
477 1615 664 1670 subjecti
700 1617 855 1668 solum,
892 1631 972 1659 nec
1006 1617 1241 1659 visitantur
1272 1631 1351 1672 per
1385 1631 1547 1671 papam
1580 1630 1661 1659 nec
1696 1631 1776 1671 per
1810 1618 2004 1672 aliquem

203 1696 338 1738 alium
359 1698 625 1752 episcopum,
646 1704 691 1739 et
711 1699 774 1740 sic
799 1698 912 1751 perit
939 1699 1105 1739 bonum
1134 1698 1327 1752 regimen
1355 1699 1625 1740 animarum!
1666 1698 1827 1739 Nullus
1857 1704 2006 1752 potest

202 1777 425 1831 appellare
445 1778 502 1820 ad
522 1792 687 1832 papam
707 1785 752 1820 et
773 1779 834 1820 ire
855 1779 911 1820 ad
937 1792 1101 1833 papam
1128 1785 1255 1821 extra
1279 1791 1476 1832 regnum,
1499 1779 1581 1820 nisi
1610 1778 1728 1833 prius
1757 1778 2004 1833 praehabita

204 1856 384 1900 licencia
403 1858 531 1912 regis.

319 1944 372 1988 [p.
395 1945 486 1988 590·]
544 1945 751 1989 Regnum
785 1945 975 1989 Angliae.
1035 1939 1172 1981 Anno
1213 1940 1395 1981 Domini
1436 1948 1556 1993 1455,
1597 1947 1642 1982 et
1681 1947 1795 1991 ante,
1830 1940 2005 1982 fuerunt

207 2031 378 2071 magnae
417 2021 773 2072 perturbaciones
810 2021 855 2061 in
887 2019 1064 2074 Anglia‚
1090 2020 1267 2061 vivente
1302 2033 1405 2074 rege
1436 2020 1629 2062 Henrico
1658 2021 1748 2071 vi⁰;
1789 2026 1835 2062 et
1864 2021 2003 2061 eciam

206 2097 462 2140 bellandum
495 2099 579 2141 fuit
618 2101 777 2142 eodem
817 2114 946 2150 anno,
981 2100 1100 2153 apud
1143 2099 1357 2141 Sanctum
1393 2099 1620 2141 Albanum
1660 2100 1706 2140 in
1744 2099 1921 2154 Anglia‚
1960 2099 2005 2140 in

206 2178 443 2231 praesencia
469 2179 595 2234 regis,
630 2194 709 2234 per
743 2181 902 2222 ducem
934 2180 1131 2221 Eborum
1165 2180 1405 2221 Ricardum
1437 2187 1483 2222 et
1512 2194 1628 2232 suos,
1656 2180 1742 2234 qui,
1774 2179 1914 2221 coacti
1944 2180 2002 2220 ad

204 2257 471 2310 bellandum,
491 2259 743 2302 occiderunt
763 2261 980 2302 diversos:
1011 2260 1135 2314 cujus
1161 2259 1267 2301 belli
1294 2273 1427 2302 causa
1448 2260 1546 2302 haec
1570 2260 1665 2309 fuit,
1687 2260 1791 2313 quia
1818 2260 2002 2313 praedic-

206 2345 279 2380 tus
303 2339 398 2380 dux
424 2340 596 2394 scripsit
624 2342 715 2396 regi
744 2341 939 2384 Henrico
968 2341 1123 2392 Sexto,
1154 2355 1232 2395 per
1260 2341 1486 2383 doctorem
1515 2340 1685 2382 Wulfet
1713 2340 1849 2394 ipsius
1877 2339 2018 2381 ducis--

207 2419 512 2472 confessorem,
551 2427 601 2463 ut
638 2421 733 2476 ipse
772 2436 864 2472 rex,
905 2423 1101 2464 existens
1149 2428 1256 2463 tunc
1306 2422 1351 2462 in
1398 2422 1574 2464 civitate
1620 2420 1771 2463 Sancti
1818 2419 2000 2469 Albani,

206 2500 461 2554 dignaretur
493 2500 736 2544 deliberare
771 2503 1062 2545 Edmundum
1102 2503 1260 2544 ducem
1301 2501 1581 2544 Somersetiae
1622 2502 1665 2542 in
1701 2514 1858 2542 manus
1892 2501 2003 2542 duo-

207 2593 305 2621 rum
345 2580 546 2630 militum,
588 2595 640 2623 ffi
679 2583 940 2633 intencione,
982 2589 1042 2635 ut,
1083 2584 1178 2624 sine
1216 2582 1366 2636 aliqua
1405 2596 1565 2637 pugna,
1607 2581 1727 2622 idem
1766 2581 1862 2621 dux
1910 2580 2003 2622 Ed—

209 2659 399 2701 mundus
438 2660 670 2702 duceretur
705 2661 751 2703 in
788 2664 942 2705 turrim
984 2663 1316 2704 Londoniarum
1356 2663 1400 2704 in
1441 2661 1687 2704 custodiam
1726 2660 1855 2711 licite,
1891 2660 2004 2703 sicut

167 2745 312 2781 -ante
349 2738 458 2780 illud
490 2746 667 2794 tempus
702 2741 786 2784 fuit
817 2743 1084 2785 deliberatus
1116 2743 1173 2784 ab
1208 2742 1284 2784 illa
1324 2742 1430 2784 turri
1470 2756 1551 2796 per
1587 2754 1735 2795 regem
1767 2740 1918 2782 illicite
1955 2746 2004 2783 et

208 2825 363 2861 contra
401 2819 631 2861 concilium
668 2822 817 2875 regni;
862 2829 908 2865 et
938 2823 1033 2865 haec
1073 2822 1234 2877 peticio
1269 2808 1398 2865 'ducis
1434 2823 1631 2864 Eborum
1663 2821 1875 2862 exaudita
1913 2834 2026 2863 non-

209 2899 317 2951 fuit;
348 2899 467 2953 quod
497 2900 690 2952 audiens,
720 2901 815 2944 dux
846 2903 1042 2945 Eborum
1074 2917 1307 2957 aggressus
1341 2910 1446 2946 tunc
1478 2901 1560 2943 fuit
1589 2900 1753 2942 bellum
1784 2914 1885 2943 cum
1915 2901 2004 2943 suis

1043 2983 1072 3012 D
1094 2974 1121 3014 d
1147 2984 1169 3012 2
