2456 3210
410 201 463 242 68
909 207 1039 243 LOCI
1074 206 1112 241 E
1151 206 1315 241 LIBRO
1364 204 1704 240 VERJTATUM.

411 356 505 392 rate
542 365 627 402 eOS,
662 357 711 393 ut
746 365 857 392 unus
892 350 1091 404 proficiat
1126 349 1169 390 in
1206 362 1291 389 una
1327 346 1520 391 ecclesia,
1558 353 1602 388 et
1637 346 1748 387 alius
1784 346 2010 401 apostolus
2045 347 2087 389 in
2123 346 2210 389 alia

411 431 592 473 ecclesia
619 431 828 485 proficiat,
850 431 1041 472 diversas
1068 436 1112 471 et
1137 428 1281 483 plures
1309 428 1478 468 animas
1507 426 1606 468 Deo
1633 426 1869 480 adquirens
1896 428 2030 469 verbo
2057 435 2210 470 sancto

412 517 457 552 et
488 511 706 566 exemplo,
738 512 839 565 quia
870 511 1025 551 melius
1057 516 1100 550 et
1130 508 1367 563 perfeccius
1397 506 1823 561 possuntproficere
1853 508 1987 549 verbo
2018 514 2062 549 et
2091 507 2211 549 facto

412 605 490 633 suo
512 592 600 633 duo
626 591 730 632 boni
759 597 948 632 rectores
979 591 1022 631 in
1048 590 1218 630 duabus
1246 587 1438 629 ecclesiis
1466 600 1600 640 quam
1629 601 1740 628 unus
1770 586 1870 629 talis
1897 588 2040 629 bonus
2070 594 2213 630 rector

414 672 458 712 in
489 672 658 713 duabus
692 671 892 722 ecclesiis,
924 671 1027 724 quia
1057 683 1167 711 onus
1203 668 1357 710 melius
1384 668 1446 709 sic
1478 667 1710 722 perficitur,
1737 669 1854 709 unde
1886 675 2062 710 sanctus
2095 682 2213 723 papa

414 758 458 792 et
494 752 648 793 doctor
690 751 926 805 Gregorius
962 750 1179 791 ordinavit
1215 748 1334 802 quod
1375 761 1488 789 unus
1529 748 1809 801 episcopatus
1849 762 2007 802 parvus
2047 749 2214 790 divide-

414 838 532 873 retur
566 832 610 872 in
641 832 751 873 duos
786 832 1077 885 episcopatus,
1109 831 1171 871 ita
1201 830 1321 883 quod
1357 829 1446 870 duo
1477 835 1623 911 e32‘232t
1679 829 1845 913 pigciopi
1876 829 1920 870 in
1953 835 2213 883 perpetuum

414 912 486 953 ubi
517 913 635 966 prius
670 912 752 953 fuit
786 925 899 952 unus
930 911 1172 965 episcopus,
1205 910 1359 951 Petrus
1392 909 1569 950 nomine
1563 842 1682 1002 ſset
1694 884 1943 964 “epigcopus
1974 910 2088 951 illius
2118 908 2215 960 loci,

415 1006 473 1034 sc.
518 991 718 1043 Corsicae,
753 992 944 1053 *multum
986 992 1029 1031 in
1068 991 1153 1032 hoc
1190 990 1367 1044 gavisus
1405 989 1499 1040 fu'it,
1539 991 1657 1043 quod
1702 991 1764 1032 sic
1805 991 2083 1045 episcopatus
2123 990 2216 1044 ejus

416 1073 579 1114 divisus
599 1072 680 1114 fuit
709 1073 751 1113 in
775 1073 898 1123 duos,
920 1073 1023 1125 quia
1051 1071 1112 1112 sic
1141 1070 1296 1111 melius
1321 1077 1366 1111 et
1394 1070 1632 1124 perfeccius
1658 1085 1768 1112 onus
1789 1071 1977 1112 divisum
2003 1071 2047 1112 in
2069 1070 2216 1125 plures

417 1153 707 1207 perficeretur,
740 1158 784 1194 et
825 1153 886 1194 sic
926 1151 1089 1192 limites
1125 1151 1310 1192 diocesis
1346 1165 1437 1192 suae
1473 1151 1647 1192 fuerunt
1682 1151 1764 1192 sibi
1799 1152 2038 1203 viciniores,
2074 1157 2119 1193 et
2154 1152 2216 1194 sic

417 1233 572 1275 melius
600 1234 744 1287 potuit
771 1231 978 1286 perficere
1000 1237 1045 1273 et
1066 1231 1247 1285 implere
1269 1231 1467 1272 debitum
1489 1231 1680 1272 officium
1706 1232 1948 1283 animabus,
1970 1246 2025 1274 ne
2052 1232 2218 1274 diceret

419 1314 457 1355 ei
489 1314 707 1355 Dominus
742 1312 849 1354 illud
885 1313 1003 1366 quod
1036 1311 1151 1353 dixit
1182 1311 1226 1351 in
1257 1311 1514 1365 Apocalipsi
1541 1311 1605 1365 iij⁰
1640 1312 1843 1366 capitulo,
1883 1313 2010 1354 ‘Non
2046 1313 2219 1354 invenio

418 1407 551 1447 opera
579 1400 656 1435 tua
677 1393 805 1447 plena
831 1406 978 1434 coram
1007 1389 1104 1440 me‚’
1126 1392 1153 1432 i.
1168 1406 1203 1433 e.
1232 1391 1497 1433 sufficiencia
1526 1399 1570 1433 et
1598 1393 1803 1446 requisita
1830 1392 2043 1434 habencia
2059 1410 2070 1444 ;
2101 1393 2220 1434 unde

419 1474 480 1514 sic
510 1473 656 1514 divisit
686 1479 863 1514 sanctus
894 1486 1010 1526 papa
1040 1471 1275 1526 Gregorius
1306 1472 1606 1525 episcopatum
1635 1485 1771 1513 unum
1802 1472 1845 1513 in
1872 1473 1994 1522 duos,
2017 1479 2066 1514 ut
2096 1479 2221 1528 patet

420 1553 465 1594 in
500 1554 683 1606 registro
719 1567 808 1599 suo,
844 1552 954 1593 libro
990 1558 1159 1603 octavo,
1193 1552 1379 1606 epistola
1414 1553 1568 1606 prima,
1606 1553 1735 1594 Petro
1771 1553 1977 1607 episcopo
2015 1553 2223 1604 Corsicae,

422 1639 467 1674 et
510 1633 727 1674 ordinavit
767 1633 998 1674 duodecim
1044 1633 1135 1673 fore
1181 1633 1411 1686 episcopos
1451 1633 1494 1673 in
1535 1622 1767 1677 duodecim
1812 1634 2137 1687 episcopatibus
2177 1635 2222 1675 in

422 1718 698 1767 perpetuum,
733 1713 807 1753 ubi
840 1712 923 1753 fuit
956 1712 1049 1766 jam
1087 1712 1169 1753 nisi
1206 1726 1318 1754 unus
1354 1713 1583 1766 episcopus
1621 1719 1666 1754 et
1700 1718 1811 1755 unus
1847 1714 2136 1769 episcopatuS,
2172 1722 2223 1757 ut

422 1799 547 1847 patet
582 1792 626 1833 in
658 1792 860 1846 Epistola
898 1791 1052 1834 Sancti
1091 1792 1292 1845 Gregorii
1330 1792 1496 1834 Sancto
1532 1793 1798 1847 Augustino,
1832 1794 2080 1848 Anglorum
2115 1800 2222 1849 apo-

424 1873 555 1922 stolo,
578 1879 623 1914 et
644 1878 710 1913 est
739 1871 813 1913 illa
841 1872 1026 1926 epistola
1053 1873 1097 1913 in
1126 1873 1309 1926 registro
1333 1872 1486 1915 Sancti
1509 1873 1718 1928 Gregorii.
1779 1874 1820 1917 O
1843 1875 1988 1917 Deus!
2033 1876 2224 1918 concede

425 1960 474 1995 ut
510 1952 702 2007 episcopi
739 1959 784 1993 et
820 1952 1106 2006 praesidentes
1145 1953 1298 2006 pocius
1334 1960 1491 2007 optent
1531 1955 1738 2008 prodesse
1773 1956 2056 2010 spiritualiter
2088 1970 2224 2010 quam

424 2034 635 2088 prodesse
665 2031 975 2085 temporaliter,
998 2033 1100 2085 quia
1130 2019 1355 2074 tunc'non
1387 2034 1448 2075 sic
1478 2040 1737 2088 appeterent
1767 2036 1876 2076 duas
1907 2036 2121 2088 ecclesias,
2145 2050 2225 2079 nec

427 2114 700 2169 praebendas.
761 2112 980 2153 Dominus
1011 2112 1147 2166 Hugo
1175 2114 1231 2155 de
1257 2114 1441 2163 Vienna,
1470 2115 1700 2156 cardinalis
1729 2123 1892 2158 sanetae
1923 2116 2110 2169 Sabinae,
2138 2124 2226 2159 tes-

427 2200 550 2236 tatur
589 2206 721 2248 super
755 2191 900 2233 Actus
936 2191 1269 2245 Apostolorum,
1301 2195 1421 2248 quod
1461 2208 1614 2236 omnes
1646 2209 1757 2249 quos
1796 2196 1892 2250 ipse
1931 2197 2052 2239 novit
2089 2197 2227 2239 talem

428 2274 729 2328 pluralitatem
760 2271 1042 2313 ecclesiarum
1073 2272 1286 2315 habentes
1321 2281 1423 2315 ante
1454 2281 1639 2317 mortem
1670 2289 1808 2326 suam,
1839 2277 2109 2319 consciencia
2137 2278 2228 2319 dic-

429 2361 566 2404 tante,
603 2352 788 2396 confessi
830 2358 933 2392 sunt
975 2352 1140 2405 seipsos
1176 2354 1518 2408 dampnabiliter
1554 2356 1718 2397 vixisse
1753 2358 1842 2398 duo
1876 2357 2088 2399 beneficia
2127 2358 2228 2399 reti-

430 2436 591 2484 nendo,
612 2433 687 2475 ubi
708 2445 843 2473 unum
866 2430 949 2472 fuit
978 2432 1195 2473 sufficiens
1222 2434 1278 2475 ad
1305 2448 1454 2476 eorum
1481 2437 1731 2478 necessaria.
1792 2436 1936 2489 Tales,
1951 2437 2229 2492 ‚pluralitates

434 2514 662 2564 habentes,
686 2512 843 2554 merito
868 2525 948 2552 suo
979 2511 1096 2552 malo
1125 2519 1336 2554 vocantur
1368 2516 1661 2573 devoratores,
1688 2523 1732 2558 et
1756 2518 2048 2560 destructores
2076 2518 2230 2560 salutis

435 2595 692 2645 animarum,
727 2598 772 2634 et
807 2590 950 2633 cultus
983 2590 1080 2641 Dei,
1113 2593 1216 2645 quia
1250 2607 1360 2635 unus
1394 2595 1495 2636 talis
1527 2597 1713 2651 impedit
1745 2598 1951 2652 quicquid
1983 2598 2088 2639 boni
2119 2598 2230 2640 alius

436 2674 578 2715 bonus
605 2678 748 2715 rector
777 2685 853 2713 seu
883 2670 1210 2724 praebendarius
1242 2672 1286 2712 in
1318 2687 1406 2714 uno
1438 2675 1650 2718 beneficio
1680 2691 1760 2718 suo
1789 2677 1962 2730 faceret,
1991 2684 2036 2719 et
2064 2678 2100 2719 si
2130 2691 2231 2719 vere

432 2759 615 2806 saperet,
657 2752 834 2794 videretv
873 2749 999 2800 clare,
1039 2751 1159 2804 quod
1208 2752 1360 2804 pocius
1400 2753 1588 2796 intendit
1632 2756 1738 2798 talia
1786 2757 1902 2799 bona
1949 2757 2227 2799 ecclesiarum
