2456 3210
497 202 548 245 82
1005 208 1135 244 LOCJ
1170 208 1208 242 E
1247 208 1411 243 LIBRO
1461 207 1803 243 VERITATUM.

498 352 816 395 concluserunt.
847 352 943 393 ‘De
970 352 1093 393 vultu
1121 358 1199 394 tuo
1219 351 1430 405 judicium
1461 365 1610 393 meum
1637 348 1879 405 prodeat¹,''
1903 351 2045 406 inquit
2075 350 2304 406 propheta,

498 434 524 475 i.
535 447 572 474 e.
594 433 651 474 de
673 432 837 487 judicio
865 438 954 483 tuo,
973 432 1184 486 judicium
1207 446 1355 473 meum
1381 437 1426 473 et
1451 432 1639 473 assercio
1667 446 1766 473 mea
1793 432 1991 486 prodeat,
2012 438 2061 474 ut
2081 433 2307 475 sentencia

501 520 547 555 et
571 512 791 555 conclusio
821 527 920 554 mea
943 512 1109 566 judicio
1135 518 1178 554 et
1207 513 1442 554 senteneiae
1471 513 1556 553 Dei
1587 511 1820 554 conformis
1851 512 1919 564 sit,
1940 526 1996 555 ne
2024 527 2190 567 vagans
2220 513 2305 555 sim

501 608 581 649 per
614 595 850 636 varietates
885 594 1153 648 opinionum,
1189 594 1292 647 quia
1327 593 1401 634 ubi
1438 600 1505 635 est
1545 599 1670 635 tanta
1704 594 1894 636 varietas
1929 600 1975 636 et
2009 594 2306 646 contrarietas,

500 674 561 716 ibi
593 681 659 716 est
690 675 733 715 in
761 688 849 715 una
878 680 1004 728 parte
1039 674 1216 716 falsitas
1278 675 1408 715 ‘Non
1445 673 1535 725 est,’
1559 673 1717 733 inquit·
1735 673 1974 728 apostolus,
2007 675 2078 716 ‘in
2104 687 2306 716 sermone

504 755 629 803 meo‚'
652 762 719 797 est
739 762 783 796 et
813 769 911 807 non,
937 756 1008 796 i.e.
1030 756 1190 796 veritas
1216 761 1260 796 et
1286 754 1466 805 falsitas,
1486 755 1564 796 sed
1594 761 1661 796 est
1685 755 1731 795 in
1756 754 1832 796 illo
1858 760 1936 805 est,
1959 755 2031 796 i.e.
2051 755 2212 797 veritas
2236 760 2306 796 est

505 837 549 877 in
581 849 782 877 sermone
814 849 924 886 meo,
953 835 1055 886 fixa,
1081 842 1125 876 et
1155 849 1428 889 permanens,
1459 841 1504 877 et
1534 841 1699 889 aperta.
1760 834 1936 877 Occidit
1966 835 2105 877 eciam
2135 835 2307 877 animas

502 930 602 970 quae
641 930 730 958 non
766 916 1019 967 moriuntur,
1054 917 1129 970 qui
1169 922 1353 958 conatur
1392 915 1564 957 trahere
1605 929 1680 956 eos
1711 915 1768 956 ad
1803 922 2036 969 peccatum
2072 914 2192 957 malo
2226 929 2307 957 suo

505 997 723 1051 exemplo,
758 997 829 1038 vel
859 997 1004 1048 verbo,
1035 1003 1080 1039 et
1109 997 1273 1039 faciunt
1304 996 1484 1047 malum,
1514 1001 1563 1038 ut
1593 995 1689 1038 aliis
1719 996 1933 1050 placeant,
1966 996 2078 1038 sicut
2106 994 2307 1038 Actuum'

503 1076 596 1130 xij0,
625 1077 828 1118 Herodes
857 1078 997 1119 sciens
1028 1078 1148 1132 quod
1179 1077 1372 1132 placeret
1396 1077 1564 1130 Judaeis
1594 1077 1630 1117 si
1656 1076 1834 1118 Petrum
1860 1076 2160 1130 apostolorum
2189 1076 2307 1130 prin-³

501 1157 643 1210 cipem
684 1158 916 1209 occideret,
946 1158 1085 1200 voluit
1124 1157 1453 1212 apprehendere
1490 1157 1536 1199 S.
1568 1156 1761 1208 Petrum,
1794 1163 1846 1198 ut
1886 1170 1987 1198 eum
2028 1156 2304 1198 interficeret.

504 1236 589 1288 Sic,
619 1252 686 1279 vae
719 1238 826 1280 illis!
879 1239 953 1293 qui
993 1238 1103 1280 alios
1144 1245 1322 1280 movent
1358 1239 1416 1280 ad
1458 1236 1635 1287 malum,
1668 1237 1744 1291 qui
1785 1251 2012 1291 nunquam
2046 1237 2161 1279 forte
2198 1236 2306 1278 talia

502 1317 620 1358 mala
649 1317 856 1370 facerent,
885 1319 966 1360 nisi
997 1319 1070 1361 alii
1102 1319 1219 1373 ipsos
1259 1320 1316 1361 ad
1348 1318 1514 1359 malum
1550 1317 1641 1359 tale
1677 1323 1916 1359 moverent.
1976 1317 2110 1359 Tales
2149 1317 2305 1359 dicunt

504 1396 611 1438 illud
642 1399 783 1440 Ysaiae
809 1412 875 1454 30,
909 1400 1104 1441 ‘Dicatis
1135 1399 1262 1441 nobis
1292 1399 1529 1453 placencia,
1556 1397 1693 1440 nolite
1723 1398 1850 1439 nobis
1880 1398 2028 1440 videre
2058 1412 2159 1452 quae
2188 1394 2307 1439 recta

504 1477 630 1519 sunt?
692 1479 824 1520 Unde
849 1481 1076 1534 apostolus
1103 1481 1179 1531 ait,
1198 1479 1268 1521 ‘A
1297 1480 1483 1522 veritate
1512 1479 1690 1533 quidem
1718 1479 1918 1520 auditum
1945 1483 2156 1529 avertent,
2177 1484 2222 1520 et
2248 1461 2306 1519 ad

503 1557 673 1599 fabulas
713 1567 1029 1612 convertentur,
1071 1567 1116 1603 et
1157 1560 1478 1603 coacervabunt
1514 1559 1594 1601 sibi
1631 1559 1874 1614 magistros,
1905 1561 1930 1601 i.
1954 1573 1989 1600 e.
2024 1558 2306 1606 conciliarios,

503 1640 747 1692 prurientes
785 1640 986 1692 auribus,'
1022 1642 1047 1683 i.
1070 1655 1107 1682 e.
1143 1648 1393 1695 quaerentes
1433 1640 1619 1694 placere,
1660 1639 1730 1681 vel
1768 1640 2000 1681 veritatem
2038 1645 2195 1689 tacere,
2236 1634 2307 1681 vel

502 1720 734 1761 veritatem
775 1722 837 1762 eis
876 1720 1123 1775 placentem
1159 1722 1417 1776 improbare,
1459 1727 1504 1763 et
1541 1720 1706 1762 malum
1743 1726 1788 1762 et
1827 1725 2058 1774 peccatum
2094 1733 2307 1762 excusare

505 1807 725 1852 conantes,
747 1808 795 1843 ut
826 1802 991 1843 malum
1019 1816 1106 1843 non
1134 1810 1356 1857 appareat,
1379 1809 1423 1844 et
1451 1803 1512 1843 sic
1541 1802 1737 1856 gaudent
1767 1801 1883 1851 mali,
1913 1802 2017 1855 quia
2047 1799 2306 1843 abscondita

506 1887 608 1922 sunt
637 1881 695 1922 ab
739 1882 876 1923 oculis
908 1883 996 1923 suis
1035 1884 1271 1936 praesencia
1303 1890 1348 1925 et
1388 1882 1635 1931 iminencia,
1667 1887 1716 1923 ut
1747 1881 1865 1923 Xtus
1905 1882 2021 1923 dixit
2055 1881 2307 1923 hominibus

505 1961 760 2015 Jerusalem,
802 1962 936 2004 Lucae
971 1968 1042 2016 19⁰
1082 1965 1289 2018 capitulo.
1370 1965 1459 2005 Fac
1501 1977 1618 2018 ergo,
1659 1963 1908 2017 poenitens!
1960 1962 2139 2013 luctum,
2180 1961 2305 2016 quasi

506 2043 728 2096 unigeniti,
764 2042 967 2096 jeremiae
988 2048 1035 2093 4⁰
1072 2048 1198 2098 cap⁰.‚
1243 2045 1268 2086 i.
1291 2059 1327 2087 e.
1363 2044 1539 2099 qualem
1577 2043 1742 2085 luctum
1779 2042 1882 2084 facit
1920 2050 2061 2085 mater
2091 2055 2172 2097 pro
2211 2042 2307 2083 uni*

504 2124 655 2177 genito
677 2129 862 2172 mortuo,
884 2122 1020 2164 talem
1042 2123 1107 2165 fac
1133 2124 1311 2176 luctum,
1333 2125 1437 2178 quia
1460 2124 1607 2166 Deum
1631 2123 1779 2164 vivum
1802 2128 1847 2164 et
1874 2123 2050 2165 unicum
2071 2122 2304 2173 offendisti,

504 2204 610 2256 quia
653 2203 827 2244 debitor
866 2216 912 2244 es
952 2203 1051 2245 talis
1091 2204 1231 2246 luctus
1272 2219 1420 2246 eoram
1457 2205 1571 2246 Deo.
1644 2204 1770 2254 Item,
1811 2203 1914 2258 quia
1953 2217 2117 2257 pronus
2156 2216 2203 2244 es
2246 2203 2303 2244 ad

506 2285 662 2325 eadem
699 2282 826 2335 mala,
865 2297 965 2336 quae
1000 2283 1135 2324 fecisti
1170 2291 1213 2326 et
1248 2286 1304 2326 ad
1338 2285 1435 2327 alia.
1497 2285 1624 2335 Item,
1655 2284 1757 2338 quia
1794 2283 1933 2325 nescis
1963 2298 2019 2325 an
2063 2283 2302 2325 seeundum

504 2363 780 2405 voluntatem
816 2363 914 2412 Dei,
948 2362 1140 2417 plenarie
1175 2365 1423 2407 satisfecisti
1461 2379 1540 2419 pro
1574 2363 1700 2406 malis
1740 2364 1827 2406 tuis
1857 2363 2112 2414 commissis,
2149 2369 2195 2405 et
2224 2375 2304 2417 pro

504 2444 632 2485 bonis
665 2444 836 2486 actibus
871 2443 1056 2493 omissis,
1090 2450 1134 2485 et
1166 2446 1304 2486 nescis
1337 2459 1394 2486 an
1434 2445 1563 2500 culpa
1599 2445 1655 2486 sit
1690 2444 1885 2498 plenarie
1919 2443 2111 2486 dimissa.
2174 2443 2302 2492 Item,

504 2524 605 2578 luge
635 2538 714 2578 pro
745 2529 938 2578 peccato,
967 2529 1011 2565 et
1042 2525 1210 2577 operari
1241 2526 1406 2566 bonum
1439 2526 1639 2567 debiturn
1671 2538 1759 2566 non
1787 2526 1951 2575 desine,
1971 2524 2046 2578 qui
2077 2523 2216 2565 nescis
2246 2535 2303 2564 an

503 2605 577 2645 alii
610 2618 688 2658 pro
716 2612 760 2647 te
793 2610 837 2647 et
872 2616 951 2655 per
981 2611 1207 2657 peccatum
1241 2610 1365 2646 tuum
1392 2606 1452 2647 sic
1486 2607 1646 2648 mortui
1678 2612 1790 2655 sunt,
1824 2605 1899 2659 qui
1936 2582 2164 2658 dampnati
2200 2602 2302 2644 sunt

504 2697 583 2736 pro
615 2686 773 2739 quibus
804 2698 1028 2740 nunquam
1055 2684 1196 2726 facere
1226 2691 1354 2738 potes
1381 2686 1743 2735 satisfaccionem,
1766 2692 1814 2727 ut
1842 2699 1869 2727 a
1896 2698 2029 2739 poena
2054 2683 2301 2732 liberentur,

1320 2774 1326 2791 ¹
1353 2775 1395 2805 Ps
1422 2776 1485 2807 xvi.
