2456 3210
438 253 518 305 196
937 258 1068 293 LOCI
1103 257 1142 292 E
1181 258 1370 294 LIBRO·
1396 258 1743 294 VERITATUM.

439 412 595 453 regens
626 399 670 440 in
692 399 938 453 Theologia
967 400 1158 442 Oxoniae
1185 400 1276 453 xiiij
1311 414 1450 441 annos
1481 407 1526 442 et
1557 401 1616 441 ibi
1649 400 1943 451 cancellarius,
1966 407 2011 443 et
2039 415 2067 442 a
2090 400 2245 454 juven-

440 485 538 521 tute
570 493 669 521 mea
700 479 793 521 vixi
825 481 1091 534 patrimonio
1133 494 1232 522 meo
1268 480 1503 534 temporali
1539 482 1633 522 sine
1668 481 1756 522 alio
1790 482 1920 523 victu.
1981 481 2042 523 Et
2076 482 2245 523 utinam

443 560 551 602 dum
589 562 781 602 viverem
821 561 964 602 solum
1001 561 1110 603 illud
1150 562 1360 603 haberem
1402 563 1463 603 sic
1504 562 1623 615 quod
1661 562 1902 603 remediata
1937 567 2053 604 esset
2087 575 2248 623 appro-

444 641 607 694 priacio
639 641 920 683 ecclesiarum
956 642 1013 683 ab
1054 642 1139 683 illis
1174 641 1249 695 qui
1282 648 1428 683 essent
1462 643 1553 683 veri
1590 642 1727 684 curati
1762 647 1807 683 et
1843 641 2111 683 immediati!
2172 641 2248 684 Sic

445 734 563 775 papa
605 721 845 773 Romanus,
886 722 967 764 Xti
1006 723 1203 772 vicarius,
1239 721 1365 776 plura
1405 721 1688 776 compellitur
1722 722 1835 763 velle
1874 736 1954 776 pro
2001 721 2156 764 litteris
2203 729 2248 764 et

445 802 670 843 instanciis
710 816 863 856 regum
897 809 942 844 et
981 803 1274 853 dominorum,
1307 817 1406 856 quae
1447 802 1556 844 alias
1596 816 1684 844 non
1724 802 1869 853 vellet,
1904 803 2022 844 unde
2059 802 2250 844 Sanctus

447 882 698 924 Bernardus
738 884 801 924 ait
841 884 885 924 in
928 883 1130 938 Epistola
1171 885 1228 925 ad
1268 883 1421 925 Adam
1465 883 1741 935 monachum,
1783 883 1957 926 ‘Credo
1995 883 2250 924 ROmanum

445 964 700 1017 pontificem
737 965 843 1006 talia
880 978 966 1006 non
1000 965 1284 1015 consensisse,
1319 965 1399 1005 nisi
1437 965 1687 1019 ignorancia
1727 965 1974 1018 deceptum,
2009 964 2080 1006 vel
2115 965 2251 1006 nimia

446 1045 781 1099 importunitate
814 1045 1063 1087 devictum.²
1124 1046 1258 1088 Unde
1297 1046 1445 1087 audivi
1482 1046 1602 1100 quod
1635 1059 1787 1099 nuper,
1819 1047 1863 1086 in
1893 1052 2094 1100 tempore
2122 1045 2251 1086 unius

442 1139 583 1180 papae,
613 1126 724 1168 infra
754 1140 917 1181 paucos
946 1141 1086 1168 annos
1123 1127 1297 1178 mortui,
1329 1128 1449 1180 quod
1481 1140 1608 1181 papa,
1643 1127 1786 1168 victus
1817 1126 2041 1168 instanciis
2077 1131 2122 1167 et
2146 1115 2250 1179 'pre-

444 1206 567 1248 cibus
597 1207 920 1262 porrigencium
947 1208 1091 1249 eidem
1121 1206 1441 1261 postulationes
1469 1214 1513 1248 et
1537 1208 1705 1261 gracias
1733 1207 2037 1260 expectativas
2067 1206 2252 1260 scriptas

444 1287 489 1327 in
531 1287 708 1339 cedulis‚
741 1288 869 1337 dixit,
904 1288 1003 1329 ‘Ex
1034 1303 1122 1342 quo
1158 1289 1219 1330 sic
1251 1289 1413 1342 petitis,
1452 1294 1496 1329 et
1531 1288 1594 1330 ita
1623 1288 1839 1329 instanter
1874 1302 1945 1330 me
1977 1288 2161 1339 vexatis,
2193 1287 2251 1328 ad

445 1367 688 1421 dyabolum
720 1368 798 1410 fiat
830 1376 879 1411 ut
908 1369 1073 1423 petitur
1089 1368 1110 1420 ;'
1145 1374 1190 1410 et
1225 1369 1286 1410 sic
1322 1382 1410 1410 una
1441 1368 1598 1410 cedula
1627 1369 1802 1422 signata
1841 1368 1922 1410 fuit
1957 1382 2090 1409 manu
2121 1381 2252 1422 papae

444 1448 683 1498 scribentis,
717 1455 762 1490 et
797 1455 954 1503 postea
986 1450 1210 1491 concessio
1245 1448 1320 1490 illa
1349 1449 1432 1490 fuit
1467 1448 1648 1491 bullata.
1712 1448 1752 1490 O
1786 1449 1979 1490 Domine
2006 1449 2153 1490 Deust
2195 1448 2253 1489 da

447 1534 496 1569 ut
533 1529 614 1571 Xti
648 1530 845 1581 vicarius,
878 1531 1083 1571 dominus
1120 1544 1249 1584 papa,
1287 1530 1407 1571 dicat
1441 1529 1694 1584 petentibus
1729 1528 1786 1570 ab
1827 1529 1923 1582 ipso
1956 1535 2005 1570 ut
2040 1529 2253 1570 concedat

446 1623 546 1662 quae
588 1610 650 1650 eis
691 1610 878 1664 placent,
922 1612 1036 1653 sicut
1075 1611 1220 1652 Ysaac
1268 1611 1385 1652 dixit
1425 1610 1578 1663 Jacob,
1625 1616 1787 1664 putans
1828 1623 1928 1650 eum
1969 1623 2065 1650 esse
2106 1608 2251 1649 Esau:

448 1689 678 1740 ‘Accede,’
719 1691 872 1744 inquit,
905 1691 1018 1743 ‘hic,
1060 1698 1108 1732 ut
1149 1698 1329 1745 tangam
1370 1697 1428 1742 te,
1469 1691 1530 1731 fili
1579 1691 1651 1739 mi,
1694 1696 1739 1731 et
1778 1689 1960 1743 probem
2002 1702 2060 1730 an
2100 1695 2148 1730 tu
2194 1689 2254 1730 sis

448 1770 564 1811 filius
601 1784 736 1821 meuS,
767 1784 824 1811 an
859 1769 974 1812 non.’
1036 1771 1257 1812 Dominus
1298 1771 1415 1812 enim
1456 1784 1573 1824 papa
1608 1769 1824 1823 decipitur
1862 1782 1983 1822 saepe
2027 1782 2106 1823 per
2143 1767 2253 1809 false

448 1850 754 1891 informatores
792 1858 836 1892 et
872 1851 1136 1901 adulatores,
1169 1851 1287 1893 carni
1323 1858 1367 1893 et
1403 1851 1605 1904 sanguini
1638 1850 1746 1891 false
1778 1849 2015 1903 placentes,
2049 1855 2093 1890 et
2123 1853 2254 1902 putat

449 1945 546 1972 esse
583 1931 703 1972 Esau
740 1931 814 1984 qui
851 1938 920 1972 est
959 1932 1113 1984 Jacob.
1175 1933 1309 1973 Putat
1345 1945 1459 1982 eum,
1495 1944 1574 1985 pro
1611 1944 1698 1984 quo
1734 1929 1917 1971 licencia
1947 1929 2122 1983 petitur,
2158 1942 2254 1971 esse

448 2019 652 2054 sanctum
682 2011 836 2061 virum,
859 2012 1036 2061 bonum,
1068 2019 1112 2053 et
1142 2013 1368 2060 scientem,
1391 2019 1435 2053 et
1467 2025 1554 2052 non
1581 2011 1702 2052 videt
1734 2009 1851 2050 mala
1882 2024 1981 2064 quae
2012 2015 2255 2063 sequuntur

449 2092 546 2134 aliis
581 2091 832 2133 hominibus
865 2105 943 2145 per
975 2093 1302 2134 concessionem
1342 2092 1506 2133 factam
1539 2090 1617 2133 tali
1653 2089 1833 2131 homini.
1901 2090 2009 2131 Ideo
2050 2089 2254 2131 dominus

451 2187 569 2227 papa
603 2173 811 2214 scriberet
845 2173 903 2213 ad
943 2186 1153 2226 personas
1189 2187 1300 2227 quas
1334 2172 1455 2214 novit
1487 2185 1582 2213 esse
1619 2177 1813 2212 maturas
1847 2171 1939 2212 vita
1975 2177 2020 2211 et
2056 2169 2254 2220 sciencia,

452 2260 502 2295 ut
543 2254 637 2307 ipsi,
680 2253 831 2294 debite
862 2260 1109 2306 quaerentes
1148 2254 1379 2295 veritatem
1420 2252 1627 2302 materiae,
1671 2265 1833 2305 papam
1877 2251 2162 2292 informarent
2197 2250 2255 2291 de

450 2334 636 2375 veritate
681 2333 889 2374 materiae.
964 2332 1037 2374 Sic
1083 2334 1199 2374 enim
1239 2334 1342 2375 fecit
1382 2333 1538 2374 beatus
1579 2345 1695 2385 papa
1738 2331 1988 2386 Gregorius,
2033 2337 2082 2372 ut
2128 2334 2255 2383 patet

452 2414 614 2468 pluries
655 2415 699 2455 in
731 2413 927 2468 epistolis
957 2414 1024 2454 sui
1057 2414 1262 2467 Registri.
1330 2413 1390 2455 Et
1421 2419 1525 2454 tunc
1557 2412 1762 2453 dominus
1802 2426 1919 2466 papa
1950 2412 2144 2453 mitteret
2175 2423 2254 2464 pro

452 2509 640 2549 persona
676 2494 758 2536 sibi
793 2494 955 2548 ignota,
988 2507 1066 2547 pro
1100 2509 1187 2548 qua
1220 2494 1401 2536 licencia
1435 2493 1609 2547 petitur,
1642 2499 1691 2534 ut
1726 2492 2014 2547 personaliter
2049 2491 2106 2532 ad
2143 2504 2254 2544 prae-

453 2576 647 2616 senciam
692 2588 820 2629 papae
861 2574 1059 2624 accedat,
1100 2581 1149 2616 ut
1190 2575 1350 2629 probet
1397 2587 1498 2614 eum
1539 2587 1595 2613 an
1641 2573 1698 2614 sit
1744 2573 1859 2614 filius
1898 2578 2029 2626 aptus
2068 2570 2159 2612 vita
2209 2576 2254 2611 et

453 2656 639 2697 sciencia
671 2657 728 2697 ad
760 2654 1015 2696 habendum
1052 2656 1169 2708 quod
1201 2655 1326 2709 petit,
1362 2660 1407 2695 et
1443 2659 1491 2694 ut
1526 2653 1684 2707 probet
1719 2654 1924 2695 dominus
1955 2664 2072 2706 papa
2106 2664 2163 2692 an
2194 2664 2254 2691 ex

453 2736 734 2778 concessione
770 2741 978 2790 sequatur
1012 2734 1176 2776 malum
1209 2735 1279 2776 vel
1312 2739 1545 2788 peccatum
1581 2747 1656 2774 seu
1691 2734 2004 2775 detrimentum
2040 2731 2136 2772 aliis
2174 2729 2252 2771 ho-

456 2816 646 2858 minibus
689 2816 759 2858 vel
810 2815 1002 2858 ecclesiis
1053 2814 1373 2868 parochialibus
1412 2812 1482 2855 vel
1531 2826 1644 2854 curae
1687 2814 1957 2862 animarum3
2010 2812 2120 2853 sicut
2158 2809 2250 2863 Jam
