2456 3210
621 242 752 279 LOCI
787 242 826 276 E
864 241 1028 277 LIBRO
1076 238 1420 275 VERJTATUM.
1867 238 1924 282 45

126 393 331 436 nostram,
365 392 409 428 et
450 392 546 428 tum
588 387 670 427 iste
710 386 940 439 episcopus
977 384 1084 426 dicit
1114 383 1232 438 quod
1266 396 1353 424 non
1384 386 1588 424 tenentur
1630 379 1822 434 episcopi
1866 378 1923 419 ad

107 461 372 509 ‘docendum
406 480 531 508 suam
562 466 795 507 diocesim!
813 465 823 482 ’

242 554 285 597 [p
315 553 409 597 410]
471 547 784 600 Unusquisque
814 551 961 600 potest
987 545 1147 607 videre,
1168 543 1287 598 quod
1318 542 1473 584 melius
1498 549 1564 584 est
1594 541 1711 595 quod
1742 540 1925 582 diversae

54 656 57 658 -
126 629 320 672 ecclesiae
341 628 535 670 habeant
556 628 749 669 diversos
771 629 999 681 episcopos
1027 634 1071 668 et
1100 632 1299 686 rectores,
1325 638 1457 679 quam
1480 625 1673 666 diversas
1699 620 1926 676 parochias

126 703 290 751 h'abere
319 722 452 750 unum
485 714 724 759 rectorem;
766 714 814 749 ut
846 707 992 762 plures
1025 706 1221 760 magistri
1259 707 1516 760 impositum
1553 704 1634 746 sibi
1666 717 1777 745 onus
1811 716 1925 744 curae

129 789 363 845 spiritualis
393 789 503 831 ferre
521 788 688 830 facilius
718 794 763 830 et
794 788 970 830 liberius
1001 789 1180 842 possint,
1204 788 1315 828 sicut
1343 787 1525 841 Moyses
1551 785 1699 828 divisit
1731 784 1925 838 regimen

129 869 278 926 populi
313 870 427 911 inter
464 868 609 923 plures
646 868 877 922 magistros
909 869 1132 918 discretos
1168 882 1228 911 sc.
1265 877 1347 919 70:
1394 867 1544 908 Exodi
1585 866 1661 917 183
1705 872 1750 907 et
1786 865 1926 906 eciam

129 956 306 991 sanctus
336 963 450 1004 papa
481 948 716 1003 Gregorius
748 949 965 990 ordinavit
1002 948 1084 990 hac
1117 949 1174 991 de
1203 962 1336 990 causa
1371 954 1420 990 ut
1456 947 1517 1001 xij
1557 946 1750 1000 episcopi
1785 952 1829 987 et
1862 944 1924 998 xij

131 1030 326 1071 dioceses
359 1035 503 1071 essent
537 1029 608 1070 ubi
641 1028 734 1082 Jam
772 1042 859 1070 non
891 1035 957 1070 est
990 1028 1070 1069 nisi
1108 1042 1221 1069 unus
1255 1024 1486 1082 episcopus
1522 1033 1566 1070 et
1600 1041 1687 1068 una
1728 1026 1927 1068 diocesis.

133 1110 245 1151 Haec
269 1109 457 1152 Sanctus
478 1109 611 1159 Beda,
633 1109 786 1151 doctor
806 1108 1068 1163 Anglmum,
1091 1109 1134 1150 in
1165 1109 1351 1163 epistola
1381 1122 1460 1149 sua
1483 1107 1681 1162 Egberto
1705 1107 1928 1162 Episcopo

132 1189 449 1238 Lindisfarniae‚
482 1188 672 1243 Angliee
705 1188 969 1242 Holyeland,
1002 1190 1027 1230 i.
1042 1203 1079 1230 e.
1116 1203 1239 1231 sacra
1273 1189 1426 1240 insula,
1460 1194 1505 1230 et
1536 1187 1763 1230 consimile
1793 1186 1928 1228 habet

132 1270 242 1311 libro
269 1270 410 1324 primo
438 1270 495 1311 de
521 1269 667 1311 Gestis
696 1269 957 1324 Anglorum,
979 1269 1089 1310 libro
1117 1271 1270 1324 primo,
1298 1273 1368 1312 ca⁰
1398 1267 1483 1321 29⁰.
1546 1269 1606 1311 Et
1634 1268 1831 1309 Actuum
1859 1272 1930 1322 13⁰

134 1350 351 1392 Dominus
377 1350 504 1401 dixit,
532 1349 770 1403 ‘separate
802 1350 909 1390 mihi
942 1349 1126 1391 Paulum
1155 1356 1199 1391 et
1233 1350 1482 1391 Barnabam
1511 1349 1555 1389 in
1586 1363 1697 1403 opus
1724 1349 1780 1389 ad
1810 1348 1928 1402 quod

132 1430 347 1484 assumpsi
369 1428 468 1480 e03‚’
490 1443 548 1471 sc.
569 1430 612 1471 in
633 1443 743 1483 opus
765 1430 977 1484 evangelii
999 1435 1043 1470 et
1065 1429 1391 1483 praedicacionis
1410 1430 1529 1470 verbi
1553 1429 1651 1471 Dei.
1713 1429 1932 1470 Dominus

133 1511 249 1553 enim
271 1510 391 1551 novit
413 1510 531 1563 quod
559 1511 628 1552 isti
651 1511 739 1551 duo
764 1511 956 1564 episcopi
989 1516 1032 1551 et
1064 1516 1252 1552 rectores
1277 1510 1320 1550 in
1344 1509 1524 1551 diversis
1546 1509 1652 1553 locis
1675 1509 1930 1558 existentes,

133 1589 258 1644 plura
277 1589 394 1631 bona
415 1589 608 1632 facerent
629 1604 763 1646 quam
785 1591 820 1631 si
843 1604 955 1631 unus
976 1596 1117 1631 rector
1138 1596 1373 1644 utrumque
1395 1589 1540 1631 locum
1562 1596 1805 1643 occuparet,
1828 1590 1932 1643 quia

134 1670 279 1724 plures
307 1670 411 1711 boni
442 1675 631 1712 rectores
664 1671 707 1711 in
738 1671 918 1712 diversis
939 1670 1044 1711 locis
1066 1670 1308 1713 existentes
1339 1676 1521 1723 possunt
1552 1670 1693 1724 magis
1724 1669 1932 1724 proficere

136 1763 269 1805 quam
300 1763 411 1791 unus
443 1750 633 1792 retinens
663 1750 855 1792 diversas
887 1750 1104 1793 ecclesias.
1155 1777 1157 1779 -

250 1835 302 1879 [p.
324 1835 421 1879 416.]
482 1829 565 1872 Est
595 1831 712 1872 enim
744 1831 800 1872 de
833 1830 949 1871 malo
980 1835 1167 1884 patrono
1197 1829 1403 1880 ecclesiae,
1425 1835 1469 1871 et
1490 1830 1547 1871 de
1572 1829 1688 1871 malo
1714 1830 1933 1883 episcopo,

137 1915 182 1950 et
212 1909 268 1950 de
298 1908 414 1951 malo
445 1916 621 1960 rectore,
644 1910 755 1953 sicut
780 1917 847 1951 est
876 1911 932 1951 de
961 1909 1218 1951 vicecomite
1249 1915 1293 1951 et
1319 1910 1376 1951 de
1405 1909 1579 1959 ballivo,
1603 1910 1678 1963 qui
1705 1911 1932 1951 annuatim

139 1988 281 2029 reddit
311 1995 565 2043 compotum
597 1991 687 2044 regi
719 1991 763 2031 in
794 1990 1011 2032 scaccario
1042 2003 1121 2031 suo
1154 1989 1395 2031 Londoniis
1425 1991 1481 2031 de
1511 1989 1688 2031 annuali
1725 1990 1934 2044 pensione

139 2068 206 2109 sui
235 2067 375 2110 officii.
447 2068 642 2112 Reddito
673 2070 791 2112 enim
821 2077 1030 2124 compoto
1061 2069 1174 2124 petit
1204 2070 1390 2111 ballivus
1419 2070 1601 2123 alicujus
1631 2070 1832 2118 civitatis,
1858 2070 1932 2123 qui

139 2148 201 2189 sic
231 2148 375 2190 reddit
399 2155 653 2204 compotum
684 2164 824 2201 suum,
844 2151 1190 2204 acquietanciam
1220 2150 1277 2192 ab
1303 2151 1504 2192 auditore
1525 2165 1630 2201 su03
1662 2150 1738 2192 sed
1760 2150 1934 2193 auditor

142 2229 335 2282 compoti
368 2235 503 2283 negat
536 2230 575 2271 ei
610 2231 955 2285 acquietanciam
991 2245 1219 2285 quousque
1255 2231 1525 2285 responderit
1560 2230 1736 2272 cuilibet
1767 2229 1934 2271 homini

108 2309 216 2361 ‘qui
266 2307 426 2361 objecit
475 2310 697 2352 scedulam
742 2312 1056 2353 accusatoriam
1102 2317 1254 2352 contra
1299 2312 1486 2353 eundem
1527 2311 1766 2361 ballivum3
1816 2310 1935 2352 unde

143 2387 318 2428 auditor·
348 2389 539 2442 compoti
569 2390 631 2431 sic
666 2391 800 2433 obicit
830 2391 1003 2439 ballivo,
1040 2390 1322 2445 ‘Antequam
1355 2391 1702 2446 acquietanciam
1733 2389 1935 2431 habueris

144 2467 360 2520 responde
381 2466 457 2508 tali
483 2466 648 2510 homini
671 2477 715 2512 et
739 2471 816 2512 tali
837 2471 940 2522 viro,
962 2471 1036 2525 qui
1062 2477 1300 2524 posuerunt
1330 2472 1632 2514 accusaciones
1663 2475 1707 2511 et
1737 2469 1936 2512 scedulas

145 2552 297 2588 contra
319 2543 411 2595 te3’
443 2552 487 2589 et
514 2549 668 2591 reddet
698 2557 802 2592 tunc
829 2550 1017 2592 ballivus
1046 2565 1094 2592 se
1120 2551 1359 2593 immunem
1381 2552 1438 2594 de
1468 2551 1553 2592 illis
1584 2549 1936 2592 accusacionibus

145 2632 383 2679 antequam
414 2626 756 2679 acquietanciam
786 2631 997 2684 receperit
1027 2645 1054 2672 a
1084 2644 1162 2672 suo
1192 2631 1403 2673 auditore.
1465 2631 1636 2671 Revera
1663 2629 1734 2680 sic,
1755 2629 1798 2669 in
1828 2629 1937 2672 hora

142 2705 292 2760 judicii
333 2718 480 2746 coram
520 2705 631 2758 Deo,
671 2709 842 2751 reddito
883 2717 1091 2765 compoto
1133 2718 1180 2755 et,
1227 2711 1399 2753 racione
1438 2711 1495 2752 de
1534 2709 1703 2751 actibus
1742 2709 1938 2763 propriis,
1952 2732 1978 2738 >ff

147 2786 344 2828 redditur
365 2785 478 2826 racio
503 2799 647 2828 coram
670 2787 768 2829 Deo
789 2790 844 2830 de
867 2790 992 2832 malis
1017 2792 1220 2845 operibus
1252 2798 1295 2832 et
1326 2792 1381 2832 de
1412 2789 1537 2830 bonis
1564 2789 1733 2830 omissis
1754 2788 1936 2832 aliorum
