2456 3210
586 233 718 268 LOCI
750 233 791 267 E
828 231 994 268 LIBRO
1041 230 1387 266 VERITATUM.
1809 235 1889 277 109

87 377 315 420 consilium
350 376 506 418 talium
541 383 770 426 rectorum,
805 375 923 416 unde
956 381 1061 416 tunc
1095 374 1273 416 fuerunt
1311 386 1463 428 paucae
1499 371 1890 427 implacitaciones,

89 472 171 501 nec
204 459 405 501 acciones
437 471 518 512 per
550 457 731 512 legistas
766 463 812 498 et
841 455 1033 510 juristas,
1058 456 1163 510 quia
1196 468 1351 510 paucae
1391 459 1516 496 erant
1548 452 1751 507 querelae,
1783 453 1890 507 quin

89 539 242 582 statim
282 544 451 580 exortae
491 537 628 580 finitae
677 543 802 579 erant
846 544 892 580 et
939 537 1096 591 sopitae
1145 536 1258 578 infra
1297 535 1564 591 parochiam,
1605 548 1687 588 per
1724 534 1891 575 bonum

89 619 286 661 laborem
319 626 365 661 et
396 618 676 673 diligenciam
710 618 1047 673 praesidencium
1081 624 1134 680 et-
1158 624 1392 660 rectorum.
1454 616 1545 658 Sed
1571 615 1677 669 jam,
1709 628 1788 668 per
1815 615 1893 656 de-

88 700 253 743 fectum
285 700 440 741 talium
471 699 687 741 bonorum
720 706 950 750 rectorum,
970 699 1081 748 lites,
1113 698 1316 753 querelae,
1347 697 1653 748 dissensiones,
1676 696 1891 744 acciones,

89 780 463 834 implacitaciones
512 779 858 834 multiplicantur
906 785 951 820 et
1000 779 1323 827 continuantur,
1373 784 1419 819 et
1463 777 1524 819 sic
1574 783 1894 830 consequenter

89 861 218 909 bona,
239 874 319 915 per
348 874 449 914 quae
477 866 631 902 sancta
659 873 796 914 opera
824 859 1146 914 perficerentur,
1166 859 1468 914 multiplicatis
1497 858 1661 900 talibus
1690 857 1893 912 querelis,

92 941 273 995 legistis,
306 946 353 982 et
386 940 623 991 advocatis,
655 946 701 981 et
736 940 1039 981 defensoribus
1078 939 1371 989 conferuntur,
1407 940 1537 990 unde,
1570 952 1648 993 per
1683 937 1895 991 multipli—

90 1021 315 1064 cacionem
354 1020 509 1063 talium
556 1020 878 1062 dissensionum
925 1027 972 1062 et
1017 1021 1256 1072 accionum,
1295 1034 1374 1074 per
1415 1019 1638 1061 defectum
1677 1019 1895 1060 bonorum

91 1108 323 1150 rectorum,
360 1102 405 1142 in
433 1101 546 1143 curis
585 1101 888 1152 residencium,
917 1100 1010 1154 jam
1046 1101 1186 1155 magis
1225 1114 1361 1154 quam
1400 1100 1644 1154 antiquitus
1686 1098 1896 1153 multipli-

91 1187 249 1223 cantur
282 1180 463 1235 legistae,
489 1180 670 1234 juristae,
706 1187 751 1222 et
781 1181 996 1232 advocati,
1026 1186 1072 1222 et
1101 1179 1352 1222 defensores
1384 1180 1614 1226 malorum,
1646 1180 1721 1233 qui
1755 1178 1896 1220 malos

92 1274 173 1316 pro
210 1274 360 1302 amore
398 1260 528 1310 malo,
565 1260 635 1302 vel
676 1274 756 1315 pro
795 1261 955 1302 timore
995 1259 1124 1311 malo,
1160 1259 1415 1311 defendunt,
1452 1266 1497 1301 et
1540 1266 1691 1301 tamen
1732 1259 1897 1313 pluries

92 1354 238 1383 causae
260 1340 384 1393 tales,
413 1347 516 1395 post
545 1340 724 1395 longam
755 1340 1104 1394 placitacionem,
1136 1348 1181 1382 et
1210 1347 1313 1394 post
1344 1353 1527 1394 magnas
1557 1353 1790 1394 expensas,
1817 1352 1898 1393 per

92 1426 331 1463 tractatum
365 1434 627 1476 magnorum
660 1421 795 1463 finem
831 1435 959 1462 suum
989 1421 1169 1472 habent,
1205 1427 1250 1462 et
1284 1421 1587 1470 terminantur,
1620 1427 1665 1462 et
1696 1420 1793 1462 haec
1829 1426 1897 1462 eet

89 1501 179 1544 alia
203 1501 412 1556 iniquitas
435 1515 535 1555 quae
562 1502 948 1556 appropriaciones
975 1501 1263 1543 consecuitur.
1316 1502 1531 1543 Rectores
1552 1502 1670 1543 enim
1690 1501 1795 1542 boni
1816 1515 1897 1555 pro

91 1580 368 1636 parochianis
395 1575 584 1634 orarent,
614 1588 890 1624 sacramenta
920 1582 1230 1632 ministrarent,
1253 1588 1298 1623 et
1328 1582 1558 1624 consilium
1588 1582 1755 1623 bonum
1786 1595 1898 1636 prae-

91 1661 247 1704 berent
280 1667 325 1703 et
361 1662 632 1716 exemplum,
665 1661 1016 1716 hospitalitatem
1050 1667 1261 1712 tenerent,
1297 1676 1376 1716 per
1409 1663 1527 1704 bona
1562 1668 1607 1704 et
1639 1662 1834 1703 decimas
1869 1677 1898 1703 a

93 1741 194 1783 Deo
217 1741 281 1783 eis
301 1741 472 1793 collata,
494 1748 541 1784 et
560 1742 862 1797 praedicarent,
886 1748 931 1783 et
954 1741 1163 1784 veritates
1188 1742 1454 1784 necessarias
1484 1750 1530 1785 et
1550 1743 1681 1785 utiles
1708 1742 1897 1784 subditis

94 1821 420 1873 annunciarent,
459 1836 540 1876 per
581 1837 691 1877 quas
734 1822 1017 1876 operaciones
1057 1828 1103 1863 et
1143 1836 1223 1876 per
1270 1829 1396 1864 actus
1443 1824 1679 1877 praedictos
1728 1823 1898 1864 habiles

97 1906 246 1942 essent
282 1906 329 1943 et
357 1901 557 1956 dispositi
587 1903 645 1944 ad
675 1903 789 1944 bene
815 1903 1051 1944 vivendum
1082 1908 1127 1944 et
1153 1902 1268 1944 bene
1293 1904 1580 1957 operandum,
1606 1911 1652 1946 et
1682 1917 1761 1957 per
1790 1904 1899 1944 istos

96 1985 223 2022 actus
248 1981 499 2034 parochiani
529 1982 731 2037 dispositi
758 1988 907 2024 essent
935 1982 992 2023 ad
1020 1981 1209 2023 fructum
1238 1983 1501 2036 capiendum
1530 1983 1704 2025 illarum
1732 1983 1898 2024 oracio-

98 2072 205 2100 num
230 2073 341 2113 quas
369 2061 442 2102 alii
469 2069 598 2104 orant
627 2076 707 2117 pro
734 2063 807 2103 eis.
871 2061 941 2103 Illi
969 2068 1120 2103 autem
1148 2062 1308 2116 quibus
1338 2063 1532 2104 ecclesiae
1563 2063 1900 2117 appropriantur

97 2138 212 2180 sorte
231 2145 359 2181 orant
378 2154 458 2194 pro
484 2142 774 2196 parochianis,
795 2155 983 2196 quorum
1003 2141 1122 2183 bona
1150 2142 1377 2196 recipiunt,
1397 2144 1476 2184 sed
1504 2150 1629 2185 actus
1656 2143 1898 2184 activorum

98 2224 201 2260 sunt
230 2219 276 2259 in
310 2219 511 2272 paciente
546 2223 774 2276 disposito,
808 2237 867 2264 ex
906 2227 951 2262 2⁰
987 2222 1058 2263 De
1087 2221 1267 2265 Anima,
1342 2223 1412 2264 Illi
1452 2230 1602 2265 autem
1634 2222 1898 2277 parochiani,

98 2311 180 2351 pro
207 2297 368 2351 quibus
395 2302 727 2355 approprietarii
757 2309 898 2354 orant,
929 2315 1017 2343 non
1048 2303 1264 2356 recipiunt
1294 2304 1540 2344 subsidium
1571 2302 1813 2356 temporale
1842 2302 1900 2343 ab

99 2377 175 2427 eis,
206 2390 287 2419 nec
325 2376 682 2433 hospitalitatem,
723 2396 804 2424 nec
843 2382 1085 2433 consilium,
1120 2396 1201 2424 nec
1241 2384 1615 2437 praedicacionem,
1654 2396 1734 2423 nec
1774 2382 1901 2435 plura

99 2457 188 2498 alia
213 2457 332 2499 bona
358 2461 629 2514 necessaria
659 2463 884 2516 quomodo
909 2476 1014 2516 ergo
1044 2476 1123 2516 per
1149 2463 1288 2504 bonas
1314 2464 1537 2505 oraciones
1564 2462 1718 2503 talium
1741 2462 1902 2514 quibus

101 2536 297 2579 ecclesiae
325 2538 596 2591 parochiales
624 2544 975 2597 appropriantur,
1007 2544 1301 2596 disponuntur
1338 2544 1590 2598 parochiani
1623 2544 1679 2583 ad
1712 2542 1901 2595 gratiam

100 2623 276 2672 gratum
311 2616 558 2670 facientem,
587 2620 659 2662 vel
698 2623 757 2663 ad
796 2623 983 2677 gloriam
1023 2624 1338 2677 sempiternam
1379 2624 1644 2672 habendam,
1679 2635 1780 2663 cum
1812 2636 1901 2664 non

100 2696 296 2739 habeant
325 2696 400 2738 illa
430 2711 530 2751 quae
563 2701 839 2754 requiruntur
870 2710 917 2745 et
948 2711 1348 2758 praesupponuntur
1378 2705 1435 2745 ad
1467 2703 1601 2744 talem
1633 2702 1824 2756 graciam
1856 2709 1903 2745 et

101 2777 319 2832 gloriam?
380 2777 469 2819 Sed
498 2792 577 2833 per
602 2781 951 2835 praedicaciones,
973 2784 1164 2835 consilia,
1185 2785 1440 2838 exemplum
1472 2783 1638 2824 bonum
1671 2789 1899 2832 rectorum,
