2456 3210
481 269 563 323 136
962 268 1112 307 'LOCJ
1147 270 1184 305 E
1222 270 1389 305 LIBRO
1437 268 1782 305 VERJTATUM.

599 422 650 466 [p.
671 421 739 466 η]
786 413 1067 456 Praecedente
1093 419 1213 455 recto
1237 412 1403 466 judicio
1425 411 1569 466 Papae,
1591 411 1666 466 qui
1689 410 1909 465 judicaret
1936 424 1992 453 an
2020 411 2077 453 sit
2107 425 2286 466 aequum

483 504 529 540 et
564 497 734 552 justum
767 509 915 538 coram
946 495 1058 544 Deo,
1100 509 1157 536 an
1197 508 1298 544 non,
1328 499 1372 534 et
1412 499 1509 534 tum
1544 491 1606 534 sic
1640 492 1815 544 habere,
1850 492 1963 534 sicut
1997 506 2136 548 nuper
2176 505 2288 533 unus

484 576 738 632 episcopusl
769 576 1039 618 Turonensis
1073 574 1227 616 habuit
1259 575 1302 614 in
1341 573 1524 614 Francia
1554 579 1598 615 et
1628 573 1673 613 in
1703 572 1872 627 Anglia
1901 572 2031 629 (duos
2062 573 2289 627 episcopa-

484 657 590 714 tus).
652 656 951 711 Dampnabile
982 660 1060 704 est,
1094 655 1197 708 quia
1227 654 1271 695 in
1303 668 1466 708 magna
1495 653 1762 696 detrimenta
1793 654 2021 708 utriusque
2051 653 2289 702 dioceseos,

487 739 550 780 ita
574 738 694 792 quod
720 738 764 778 in
796 751 885 778 una
912 736 1075 778 diocesi
1103 736 1250 790 plures
1279 735 1579 776 moriebantur
1605 734 1698 775 sine
1722 735 2018 785 sacramentis,
2039 739 2083 776 et
2107 733 2203 775 aliis
2228 733 2291 775 eis

489 819 753 867 necessariis,
789 824 834 859 et
866 824 962 859 tum
995 816 1068 859 ille
1101 818 1342 871 episcopus,
1379 829 1542 857 vacans
1575 815 1765 857 consiliis
1795 822 2065 858 armatorum
2097 815 2142 857 in
2173 813 2292 857 bello

489 906 642 942 contra
680 898 964 950 Christianos,
994 897 1161 939 fructus
1196 896 1425 938 annuatim
1461 896 1627 950 recepit
1662 896 1888 950 utriusque
1928 896 2219 951 episcopatus,
2248 901 2293 938 et

488 986 640 1021 tamen
669 992 886 1032 nusquam
916 978 997 1020 fuit
1033 979 1076 1019 in
1109 991 1187 1019 sua
1215 977 1394 1031 dyocesi
1426 977 1470 1018 in
1493 976 1672 1031 Anglia,
1700 977 1910 1031 quamdiu
1940 977 2064 1028 vixit,
2094 975 2295 1031 quamvis

490 1061 535 1102 in
561 1059 729 1113 Anglia
761 1059 951 1100 moriens
982 1058 1026 1099 in
1057 1057 1240 1100 ecclesia
1269 1071 1348 1099 sua
1375 1057 1575 1099 Heliensi
1606 1057 1803 1111 sepultus
1833 1058 1928 1100 fuit.

609 1140 734 1182 Sicut
764 1140 864 1182 novi
902 1139 1128 1180 hominem
1159 1152 1296 1180 unum
1326 1139 1498 1180 fatuum
1529 1138 1770 1180 naturalem
1801 1137 2041 1180 habentem
2068 1129 2132 1192 xij
2162 1138 2297 1179 bene-

492 1221 602 1271 ficia,
625 1227 670 1262 et
696 1219 998 1274 multipliciter
1018 1225 1203 1273 pereunt
1224 1220 1289 1260 sui
1318 1219 1482 1261 subditi
1505 1232 1563 1260 ex
1590 1218 1665 1260 illa
1689 1219 1882 1260 licencia.
1941 1219 2059 1261 Vide
2081 1218 2297 1261 Sanctum

493 1302 765 1344 Bernardum
805 1301 863 1342 ad
897 1300 1148 1354 Eugenium
1188 1313 1364 1354 papam,
1401 1314 1459 1342 an
1499 1299 1641 1351 liceat,
1676 1313 1734 1340 an
1774 1300 1942 1351 deceat,
1982 1314 2039 1341 an
2076 1299 2299 1353 expediat,

495 1383 613 1437 quod
644 1387 774 1435 optas
804 1380 896 1422 fieri
927 1395 1006 1435 per
1035 1380 1272 1431 licentiam,
1303 1394 1436 1434 quam
1467 1386 1604 1435 patet.

613 1468 662 1511 [p.
693 1467 766 1510 30.]
841 1467 1006 1511 Inepta
1047 1466 1221 1502 laetitia.
1294 1460 1427 1515 Quod
1475 1460 1722 1502 inordinata
1767 1459 1949 1502 tristicia
1995 1468 2040 1503 et
2088 1462 2300 1516 gaudium

499 1543 683 1584 modum
723 1543 943 1584 excedens
983 1549 1220 1597 operantur
1259 1542 1304 1583 in
1344 1541 1563 1596 praesenti,
1598 1547 1742 1583 metus
1782 1547 1859 1583 aut
1899 1555 2000 1596 spes
2039 1542 2205 1585 faciunt
2245 1544 2302 1585 de

501 1624 660 1674 futuro,
686 1623 792 1664 dum
821 1624 1007 1665 adversa
1042 1623 1142 1677 plus
1173 1636 1308 1676 quam
1341 1623 1471 1664 decet
1502 1622 1711 1663 timemus
1744 1635 1839 1663 esse
1869 1629 2064 1671 ventura,
2094 1629 2171 1665 aut
2202 1637 2303 1678 pro-

499 1718 628 1759 spera
667 1717 767 1757 quae
807 1717 1034 1757 speramus
1067 1705 1111 1745 in
1147 1709 1323 1746 tantum
1363 1717 1444 1745 nos
1482 1703 1586 1745 facit
1625 1702 1826 1745 exultare
1865 1709 1914 1745 ut
1953 1717 2041 1745 non
2072 1709 2303 1746 teneamus

502 1785 698 1826 modum.
781 1784 879 1825 Has
924 1785 1288 1837 perturbationes,
1330 1798 1418 1826 uno
1463 1791 1509 1826 et
1553 1797 1641 1825 non
1690 1783 1822 1838 pleno
1861 1784 2086 1835 versiculo,
2127 1784 2305 1826 illustris

503 1873 647 1921 poeta,
676 1864 842 1906 scilicet
870 1864 1093 1918 Virgilius,
1122 1866 1185 1906 vi⁰
1217 1865 1429 1921 Enoydes
1461 1864 1738 1919 comprendit
1753 1882 1824 1906 :—

833 1959 841 1972 ‘
855 1954 946 1986 Hinc
969 1959 1119 1986 metuunt
1143 1956 1354 1997 cupiuntque,
1378 1955 1493 1988 dolent
1514 1955 1732 1998 gaudentque,
1755 1965 1860 1998 neque
1883 1966 1979 1987 auras

854 2019 1056 2062 Respiciunt,
1080 2021 1183 2053 clausi
1207 2022 1348 2054 tenebris
1370 2026 1403 2054 et
1426 2033 1554 2055 carcere
1576 2021 1683 2054 caeco.'

620 2107 669 2151 [p.
693 2106 763 2150 37·]
825 2105 1043 2142 Luxuria.
1115 2101 1232 2142 Novi
1267 2102 1309 2142 in
1342 2101 1616 2144 confessione
1648 2101 1851 2152 virorum,
1883 2115 2001 2143 anno
2036 2115 2158 2158 1443,
2187 2103 2307 2157 quod

505 2182 652 2237 plures
676 2182 767 2233 viri,
791 2195 870 2235 per
894 2187 1043 2223 actum
1070 2181 1353 2223 libidinosum
1385 2183 1583 2231 luxuriae,
1605 2181 1852 2224 habuerunt
1878 2184 2075 2225 membra
2106 2198 2185 2226 sua
2215 2197 2309 2227 cor-

507 2271 636 2318 rupta
672 2270 716 2305 et
755 2263 931 2316 penitus
971 2263 1205 2315 destructa,
1242 2277 1330 2304 non
1371 2263 1514 2304 solum
1554 2263 1723 2316 virgam
1758 2263 1836 2304 sed
1876 2264 2114 2318 genitalia3
2155 2272 2201 2307 et
2236 2265 2310 2307 alii

507 2345 756 2386 habuerunt
796 2343 994 2385 membra
1033 2357 1113 2385 sua
1152 2358 1231 2398 per
1270 2344 1493 2386 luxuriam
1533 2349 1736 2397 corrupta
1769 2344 1830 2385 ita
1870 2345 1988 2398 quod
2029 2346 2309 2400 cogebantur,

509 2432 691 2480 propter
724 2437 918 2479 poenam,
953 2430 1085 2478 caput
1116 2425 1250 2480 virgae
1280 2425 1548 2468 abscindere.
1620 2424 1748 2476 Item,
1783 2424 1918 2468 homo
1955 2427 2149 2470 Oxoniae
2184 2427 2310 2470 scho-

510 2506 623 2557 laris,
645 2505 852 2548 Morland
881 2505 1069 2557 nomine,
1091 2513 1289 2549 mortuus
1317 2506 1398 2548 suit
1427 2505 1618 2548 Oxoniae
1646 2519 1704 2547 cx
1727 2508 2002 2562 corruptione
2029 2514 2209 2551 causata
2234 2521 2314 2563 per

510 2594 658 2629 actum
690 2586 889 2628 luxuriae.

629 2674 681 2717 [p.
703 2673 776 2717 47-]
838 2666 955 2708 Novi
992 2667 1107 2708 enim
1144 2681 1239 2721 ego,
1272 2667 1487 2721 Magister
1507 2666 1705 2709 Thomas
1737 2667 1996 2724 Gascoigne,
2033 2669 2135 2712 licet
2169 2669 2312 2724 indig-

514 2761 595 2788 nus
630 2762 765 2790 sacrae
796 2746 1052 2800 Theologiae
1085 2747 1249 2798 doctor,
1281 2749 1354 2802 qui
1389 2747 1483 2789 haec
1516 2747 1665 2802 scripsi
1698 2756 1741 2791 et
1771 2750 1932 2804 colligi,
1961 2750 2155 2792 diversos
2184 2750 2310 2798 viros,

775 2838 785 2855 ¹
809 2837 911 2870 Louis
928 2837 969 2870 de
985 2837 1256 2879 Luxembourgh‚
1274 2837 1490 2870 Archdeacon
1509 2837 1547 2869 of
1560 2838 1695 2878 Rouen;
1723 2839 1797 2872 died
1814 2839 1889 2872 Oct.
1906 2850 1937 2882 4,
1959 2848 2053 2881 1443.
