2456 3210
710 325 841 361 LOCI
874 325 913 360 E
950 324 1117 360 LIBRO
1162 324 1510 361 VERJTATwJ.
1938 315 2016 370 183

209 472 348 514 virtus
378 470 446 520 sit,
475 470 653 524 adjutor
682 470 727 510 in
758 466 1182 511 tribulacionibus?’
1221 476 1266 511 et
1278 464 1454 527 [doctor
1485 469 1703 511 Ricardus
1735 469 2014 522 Flemmyng,

212 552 506 594 Eboracensis
542 550 729 592 diocesis
765 555 907 602 natus,
943 549 1019 604 qui
1059 549 1142 591 suit
1177 550 1412 604 episcopus
1449 549 1773 592 Lincolniensis
1808 549 2016 598 famosus,

211 634 327 674 circa
364 645 531 673 annum
571 631 754 672 Domini
795 644 839 672 tn
869 644 969 672 cccc
1000 644 1068 671 xx
1102 630 1296 674 ,induxit
1344 630 1537 672 Oxoniae
1579 631 1762 672 modum
1803 630 2016 671 usitatum

208 713 303 767 jam
334 714 448 755 inter
477 711 709 766 theologos
741 711 947 760 Oxoniae‚
979 711 1024 752 in
1054 710 1302 765 quaestione
1331 698 1647 770 proponenda]
1666 717 1711 752 et
1746 711 1791 752 in
1828 717 2019 765 quatuor

211 793 566 836 conclusionibus
603 791 821 846 ponendis
861 791 1227 833 concernentibus
1261 792 1453 846 primum
1478 798 1535 841 *et
1576 792 1816 833 secundum
1854 797 1900 833 et
1939 791 2018 845 iijm

212 881 260 916 et
288 881 495 928 quartum
530 873 691 914 librum
731 871 1068 914 Sentenciarum
1103 873 1468 914 concernentibus
1498 870 1607 928 (sic),
1641 878 1686 914 et
1722 874 1836 914 sicut
1871 873 2018 914 solent

211 954 367 996 fratroe
395 959 603 996 vacantes
637 953 785 994 studio
821 953 984 994 cotidie
1019 966 1184 1006 ponere
1219 959 1362 995 certas
1392 953 1695 1015 conclusiones
1726 967 1838 1006 quas
1867 959 2019 996 tenere

213 1036 452 1077 intendunt
491 1033 775 1088 arguentibus
816 1033 879 1074 eis
919 1033 1010 1082 sic3
1043 1015 1227 1092 sponum
1269 1039 1337 1074 est
1372 1033 1466 1086 jam
1507 1015 1786 1087 pffffi‘e‘ssstori
1826 1040 1876 1075 ut
1914 1047 2018 1087 pro·

213 1121 353 1170 ponat
391 1116 436 1156 in
478 1114 691 1169 principio
731 1115 799 1155 sui
842 1113 1058 1155 sermonis
1099 1119 1242 1155 certas
1282 1114 1500 1165 materias,
1540 1114 1585 1155 in
1626 1114 1786 1168 quibus
1826 1114 2019 1156 intendit

212 1209 378 1251 ponere
416 1200 558 1237 certas
597 1193 909 1245 conclusiones,
948 1207 1076 1235 veras
1117 1198 1162 1235 et
1202 1193 1332 1235 utiles
1372 1194 1539 1248 populo
1580 1200 1625 1235 et
1665 1194 1792 1245 clero,
1834 1202 1879 1236 et
1920 1194 2018 1236 illas

211 1276 514 1318 conclusiones
542 1274 699 1329 probet
728 1274 966 1316 autoritate
991 1273 1218 1327 scripturae
1248 1287 1396 1324 sacrae,
1423 1275 1494 1316 vel
1523 1281 1787 1325 sanctorum,
1810 1275 1881 1316 vel
1912 1275 2018 1317 doc-

213 1363 373 1406 torum,
395 1356 466 1397 vel
486 1344 676 1412 ratione]
686 1355 799 1396 sicut
820 1361 944 1408 patet
970 1355 1013 1394 in
1040 1353 1183 1395 forma
1211 1368 1311 1408 quae
1335 1354 1406 1396 hic
1430 1355 1711 1409 consequitur
1734 1361 1781 1397 et
1800 1356 2018 1397 scribitur.

216 1437 350 1479 Dicat
381 1449 486 1491 ergo
515 1436 779 1490 praedicator
807 1436 851 1476 in
882 1435 1097 1489 principio
1128 1434 1195 1475 sui
1232 1435 1446 1477 sermonis
1476 1436 1562 1477 isto
1594 1436 1755 1477 modo:
1800 1436 2018 1477 ‘Intendo

214 1518 260 1558 in
279 1530 480 1559 sermone
500 1530 611 1565 meo,
633 1530 712 1571 per
736 1516 822 1557 Dei
849 1515 1055 1569 graciam,
1077 1521 1266 1556 tractare
1293 1515 1351 1556 de
1377 1516 1505 1557 certis
1535 1516 1730 1558 materiis
1760 1517 2019 1558 necessariis

213 1611 290 1639 seu
321 1597 512 1648 utilibus,
542 1603 587 1638 et
618 1597 663 1638 in
690 1597 846 1637 iisdem
879 1595 1073 1636 materiis
1104 1595 1286 1636 intendo
1317 1588 1482 1649 ponere
1512 1602 1653 1637 certas
1684 1602 1728 1638 et
1757 1610 1883 1638 veras
1914 1611 2018 1638 con-

211 1677 440 1728 clusionoe,
465 1677 648 1720 intendo
678 1677 795 1718 enim
821 1676 915 1731 jam
947 1676 1068 1730 loqui
1099 1676 1156 1716 de
1186 1676 1346 1717 timore
1376 1675 1585 1718 habendo
1614 1677 1672 1718 ad
1705 1677 1853 1719 Deum
1885 1684 1931 1720 et
1961 1678 2018 1720 de

212 1772 363 1800 amore
397 1759 455 1800 ad
491 1758 639 1800 Deum
674 1757 893 1799 habendo.
964 1757 1016 1798 In
1052 1757 1194 1811 prima
1224 1758 1420 1807 materia,
1451 1758 1508 1799 de
1537 1758 1706 1808 timore,
1738 1773 1856 1814 pono
1895 1761 2017 1814 quod

214 1839 384 1880 “timor
413 1839 499 1880 Dei
529 1845 597 1880 est
631 1839 810 1880 inicium
845 1835 1121 1891 sapienciae.’'
1183 1837 1309 1886 Item,
1340 1837 1460 1879 aliud
1502 1844 1582 1888 est,
1612 1840 1732 1893 quod
1772 1841 1848 1894 qui
1889 1841 2018 1882 timet

216 1918 364 1960 Deum
393 1918 526 1960 nichil
555 1919 750 1973 negligit,
781 1932 858 1960 seu
890 1917 1190 1972 praetermittit
1219 1914 1357 1960 debiti
1390 1918 1469 1967 sui,
1503 1920 1622 1972 quod
1654 1926 1831 1962 tenetur
1859 1920 2016 1962 faeere.

217 1998 344 2047 Item,
375 1998 461 2040 alia
500 1999 722 2041 conclusio
761 2004 841 2050 est,
871 1999 991 2052 quod
1032 1998 1142 2039 sicut
1178 1997 1310 2038 timor
1347 1997 1432 2039 Dei
1473 2005 1540 2040 est
1581 1999 1773 2049 inicium,
1806 2001 2017 2042 inducens

215 2078 363 2132 plures
391 2078 584 2130 virtutes,
613 2083 659 2120 et
689 2079 914 2121 hominem
950 2093 977 2120 a
1013 2077 1141 2127 malo,
1173 2078 1234 2119 sie
1266 2079 1534 2138 contrarium
1574 2079 1681 2133 ejus,
1711 2094 1785 2121 seu
1818 2082 2018 2122 carencia

214 2157 397 2206 timoris,
418 2158 586 2201 inducit
610 2160 736 2214 plura
765 2159 883 2202 mala
908 2159 951 2200 in
982 2158 1223 2200 hominem.
1285 2149 1430 2200 Prima
1451 2159 1684 2210 conclusio,
1706 2161 1823 2214 quod
1849 2161 2018 2202 “timor

217 2238 304 2281 Dei
335 2243 402 2279 est
429 2239 606 2280 inicium
632 2238 903 2294 sapienciae‚''
923 2239 1172 2281 ostenditur
1191 2238 1276 2280 isto
1303 2239 1465 2281 modo:
1497 2241 1718 2294 sapiencia
1741 2246 1807 2281 est
1827 2240 2017 2292 habitus,

218 2317 444 2360 mediante
472 2333 572 2372 quo,
591 2319 772 2362 habenti
802 2320 939 2371 illum,
960 2320 1077 2373 sapit
1107 2318 1332 2371 objectum
1362 2333 1442 2373 per
1471 2321 1679 2362 noticiam
1712 2326 1756 2361 et
1787 2334 1865 2373 per
1893 2334 2017 2361 amo-

218 2411 321 2439 rem.
382 2397 570 2452 Sapiens
599 2406 666 2442 est
695 2401 770 2455 qui
799 2407 916 2442 recte
946 2401 1062 2454 sapit
1091 2399 1135 2440 in
1166 2405 1326 2446 mente,
1349 2403 1395 2442 et
1421 2401 1465 2441 in
1493 2401 1652 2442 affectu
1681 2414 1787 2451 suo;
1819 2406 1863 2441 et
1884 2401 2018 2442 timor

218 2478 316 2529 Dei,
336 2492 426 2532 quo
449 2478 578 2520 timet
603 2479 739 2522 homo
767 2487 895 2523 tanto
922 2494 1097 2521 summo
1127 2479 1244 2520 bono
1271 2479 1506 2529 offendere,
1528 2481 1695 2522 inducit
1722 2481 1766 2521 in
1790 2479 2015 2522 hominem

216 2557 333 2599 hunc
369 2558 640 2612 spiritualem
669 2566 859 2614 gustum,
893 2575 981 2615 quo
1012 2560 1146 2602 homo
1175 2559 1311 2602 habet
1340 2561 1546 2602 noticiam
1587 2561 1746 2601 divinae
1775 2559 2017 2602 voluntatis

217 2644 263 2680 et
303 2638 527 2688 bonitatis,
572 2644 618 2680 et
656 2648 809 2683 causat
847 2641 1073 2683 hominem
1113 2654 1309 2695 quaerere
1349 2642 1496 2683 media
1540 2655 1618 2696 per
1656 2655 1756 2694 quae
1797 2641 2018 2694 attingere

218 2724 366 2772 potest
390 2718 447 2759 ad
470 2717 631 2768 Deum,
653 2720 727 2772 qui
757 2731 977 2762 summum
1003 2722 1168 2762 bonum
1194 2728 1288 2772 est;
1320 2727 1365 2763 et
1395 2723 1454 2764 sic
1475 2723 1608 2763 timor
1630 2721 1713 2761 Dei
1740 2726 1806 2761 est
1837 2721 2015 2762 inicium

221 2798 495 2840 inductivum
537 2798 769 2853 sapienclae
816 2800 861 2841 in
905 2800 1155 2843 hominem.’
1226 2801 1286 2843 Et
1326 2802 1361 2843 si
1401 2802 1662 2856 praedicator
1700 2801 1900 2841 intendat
1938 2801 2017 2842 de-

218 2877 383 2920 clarare
430 2884 574 2922 certas
619 2879 824 2922 materias
862 2883 1111 2935 propositas
1151 2881 1194 2922 in
1235 2882 1448 2936 principio
1490 2882 1554 2922 sui
1596 2880 1808 2922 sermonis
1848 2881 2016 2935 absque
