2456 3210
615 260 747 296 LOCJ
782 259 821 294 E
859 259 1023 294 LIBRO
1073 257 1416 294 VERJTATUM.
1865 263 1918 305 31

92 417 208 446 *uon
236 403 385 445 vaca'vi
418 414 498 445 nec
522 407 614 444 tam
646 416 750 457 sepe
780 402 1014 456 praedicavi
1045 407 1094 443 ut
1122 402 1259 456 potui,
1281 401 1480 456 quamvis
1505 397 1670 441 nullam
1693 395 1921 441 ecclesiam

119 499 196 527 seu
231 483 515 539 praebendam
547 483 618 525 vel
653 483 916 538 dignitatem
950 482 1290 525 ecclesiasticam
1323 495 1401 537 per
1436 489 1540 523 tunc
1573 481 1707 522 habui
1744 482 1821 522 sed
1863 495 1922 522 ex

97 565 383 621 -patrimonio
412 564 549 619 patris
578 564 664 606 mei
696 564 875 606 Ricardi
902 563 1148 619 Gascoigne
1179 563 1472 605 Eboracensis
1502 562 1687 604 diocesis
1716 562 1820 613 vixi,
1843 576 1924 616 pro

120 646 243 702 cujus
268 647 416 688 anima
437 652 482 688 et
503 645 654 687 matris
676 659 786 686 meae
807 645 1019 686 Beatricis
1040 644 1136 686 laus
1157 645 1257 686 Deo
1277 658 1382 686 vero
1407 657 1582 698 semper
1602 644 1646 685 in
1667 641 1819 697 gloria.
1881 642 1922 685 O

119 728 156 769 si
168 728 334 770 videret
355 726 591 782 praedictus
605 725 898 768 Assavensisl
919 725 1195 780 Reginaldus
1217 725 1362 768 Pecok
1378 731 1488 779 quot
1508 725 1625 766 bona
1647 725 1924 779 pervenerint

121 822 180 850 ex
219 821 307 849 una
341 807 680 862 praedicacione!
746 807 807 849 Et
848 808 1057 861 quociens
1097 813 1274 861 sanctus
1311 807 1432 861 Papa
1474 806 1719 860 Gregorius,
1753 806 1924 860 magnis

91 888 447 931 *infirmitatibus
489 889 707 938 detentuS,
753 889 1007 943 praedicavit
1054 889 1099 930 in
1146 902 1333 943 persona
1384 889 1572 942 propria,
1621 894 1670 930 ut
1715 893 1840 942 patet
1880 888 1924 928 in

123 969 299 1012 Omelia
319 982 398 1011 sua
421 974 494 1011 20⁸
514 975 558 1011 et
581 980 630 1011 21
652 986 663 1020 ;
695 975 741 1011 et
762 969 939 1022 quando
968 982 1056 1010 non
1084 970 1229 1023 potuit
1255 970 1370 1011 bene
1398 969 1517 1023 loqui
1546 968 1648 1011 fecit
1676 982 1924 1010 sermonem

89 1049 249 1091 —suum
271 1050 349 1104 per
375 1049 594 1091 notarium
615 1062 764 1092 coram
785 1049 951 1103 populo
973 1049 1084 1104 legi!
1147 1050 1250 1100 Iste,
1276 1057 1372 1092 tum
1393 1051 1626 1105 episcopus
1647 1049 1924 1098 Assavensis,

122 1130 279 1172 eodem
300 1144 416 1172 anno
444 1130 609 1172 domini
638 1134 732 1171 mm⁰
760 1135 909 1172 ccccm⁰
937 1130 1043 1172 xlvii
1071 1131 1115 1172 in
1140 1131 1325 1173 ecclesia
1354 1131 1505 1174 Sancti
1535 1131 1658 1173 Pauli
1682 1131 1929 1173 Londoniae

123 1216 169 1253 et
188 1212 307 1265 apud
329 1209 564 1252 Lamehith
586 1210 833 1252 Londoniae
855 1224 1003 1252 coram
1024 1210 1353 1266 archiepiscopo
1372 1211 1676 1254 Cantuariensi
1700 1212 1927 1265 Stafforth,

123 1292 304 1334 doctore
349 1291 509 1347 legum,
551 1298 596 1333 et
636 1305 783 1333 coram
825 1292 1033 1346 episcopo
1078 1298 1183 1334 tunc
1225 1292 1499 1342 Cicestrensi‚
1541 1293 1693 1335 Adam
1735 1294 1926 1343 Mulens,

123 1374 304 1415 doctore
343 1373 504 1427 legum,
546 1378 591 1414 et
631 1385 779 1414 coram
820 1373 1027 1426 episcopo
1068 1372 1375 1425 Wintoniensi,
1415 1374 1641 1416 Willelmo
1685 1374 1925 1429 Waynflet,

123 1453 384 1496 baoelaureo
419 1467 554 1495 sacrae
589 1453 837 1507 theologiae,
876 1454 993 1496 dixit
1027 1455 1147 1508 quod
1189 1455 1420 1509 episcopus
1461 1462 1637 1498 tenetur
1678 1457 1928 1510 praedicare,

124 1535 203 1576 sed
252 1548 340 1576 non
389 1532 451 1576 in‘
484 1540 699 1589 quantum
744 1535 989 1589 episcopus,
1031 1542 1075 1577 et
1120 1535 1473 1591 archiepiscopus
1515 1524 1843 1579 Cantuariensis
1883 1545 1927 1579 et

127 1615 413 1658 cicestrensis
433 1616 495 1657 sic
515 1614 724 1656 dixerunt
743 1631 753 1656 ε
782 1617 792 1635 ‘
807 1615 904 1656 Nos
920 1616 1079 1656 scimus
1100 1617 1220 1670 quod
1242 1618 1474 1671 episcopus
1495 1624 1670 1659 tenetur
1689 1620 1929 1673 praedicare

107 1684 185 1737 'ex
214 1695 365 1737 debito
394 1695 522 1737 officii
551 1697 618 1737 sui
634 1713 644 1747 ;
660 1693 670 1710 '
701 1701 746 1737 et
775 1694 859 1737 hoc
880 1696 998 1738 idem
1020 1695 1165 1750 plures
1187 1697 1390 1740 doctores
1411 1712 1545 1740 sacrae
1565 1699 1801 1754 theologiae
1822 1706 1929 1741 tunc

127 1776 372 1819 Londoniae
412 1777 654 1819 existentes
701 1777 921 1828 dixerunt,
963 1782 1008 1819 et
1047 1778 1346 1832 probaverunt
1393 1787 1438 1822 et
1478 1780 1641 1835 pluries
1682 1770 1933 1822 Londoniae'

126 1857 499 1910 praedicavemnt3
545 1864 590 1899 et
625 1858 831 1912 episcopo
866 1852 1110 1900 Assavensi
1141 1859 1315 1902 dicente
1351 1874 1499 1903 coram
1533 1863 1754 1916 pra-:dictis
1789 1863 1929 1904 tribus

129 1937 352 1993 episcopis,
375 1941 384 1959 ‘
400 1938 647 1993 Episcopus
675 1945 850 1980 tenetur
874 1940 1109 1993 predicare,
1131 1941 1209 1982 sed
1241 1955 1330 1983 non
1355 1942 1398 1983 in
1427 1950 1644 1997 quantum
1673 1942 1928 1997 episcopus‚'

129 2019 281 2060 statim
320 2032 432 2061 unus
471 2019 721 2061 Bacalarius
750 2021 915 2062 arcium
947 2020 1140 2062 Oxoniae
1175 2022 1236 2063 sic
1269 2028 1421 2064 contra
1457 2025 1713 2078 episcopum
1754 2025 1928 2078 publice

130 2098 342 2152 arguebat
381 2100 425 2141 in
470 2101 709 2154 praesencia
755 2100 954 2154 ejusdem
996 2103 1189 2156 episcopi
1230 2102 1494 2146 Assavensis
1536 2112 1580 2147 et
1619 2107 1927 2159 praedictorum

131 2179 445 2232 episcoporum,
466 2182 476 2200 ‘
490 2181 738 2235 Episcopus
767 2188 944 2223 tenetur
970 2183 1220 2236 praedicare,
1241 2185 1318 2225 sed
1347 2199 1434 2227 non
1457 2187 1501 2227 in
1523 2194 1738 2240 quantum
1762 2187 1929 2239 episco-

132 2272 226 2312 pus,
259 2266 308 2300 ut
345 2273 424 2301 vos
458 2261 613 2312 dicitis,
645 2261 723 2303 sed
756 2268 908 2304 contra
939 2277 1018 2304 vos
1054 2277 1191 2317 arguo
1226 2266 1298 2316 sic,
1334 2266 1391 2308 de
1425 2266 1604 2309 licencia
1641 2268 1806 2308 domini
1843 2268 1928 2307 mei

135 2338 462 2381 Cantuariensis
493 2340 564 2383 hic
595 2344 822 2396 presentis.
890 2343 936 2385 Si
979 2345 1023 2385 in
1062 2351 1279 2398 quantum
1315 2347 1434 2389 dicat
1474 2349 1783 2402 prescisionem
1825 2355 1930 2389 tunc

134 2419 366 2473 episcopus
405 2433 486 2462 nec
525 2427 700 2464 tenetur
738 2424 978 2478 praedicare
1013 2439 1092 2466 nec
1131 2425 1252 2467 aliud
1294 2441 1405 2481 opus
1444 2428 1596 2478 facere,
1639 2429 1740 2482 quia
1780 2435 1828 2469 ut
1869 2429 1931 2469 sic

103 2548 105 2550 Ι
136 2500 353 2552 equinitas
377 2506 444 2541 est
472 2507 646 2545 tantum
673 2505 901 2557 equinitaS,
924 2506 959 2546 si
991 2507 1035 2546 in
1066 2514 1281 2560 quantum
1311 2508 1398 2550 alio
1430 2510 1564 2550 modo
1590 2515 1801 2558 teneatur,
1825 2516 1931 2549 tunc

137 2585 205 2621 est
230 2592 382 2620 veru-m
411 2581 530 2634 quod
560 2582 705 2625 nullus
734 2586 966 2639 episcopus
996 2592 1172 2628 tenetur
1200 2589 1438 2642 praedicare
1459 2587 1494 2639 ;'
1536 2603 1623 2642 quo
1656 2588 1772 2630 sacto
1802 2588 1931 2630 valde

136 2660 341 2721 confusus
368 2666 414 2702 et
432 2661 691 2704 vericundus
717 2663 798 2707 fuit
823 2665 1089 2708 Assavensis
1114 2669 1343 2723 episcopus
1374 2677 1419 2711 et
1446 2669 1650 2710 surrexit.
1713 2668 1931 2710 Dominus
1966 2662 1969 2665 ’

138 2754 243 2794 ergo
274 2740 394 2782 Deus
422 2741 478 2782 sit
505 2740 772 2795 benedictus,
792 2747 866 2799 qui
897 2747 1118 2789 destruxit
1150 2754 1193 2790 et
1224 2749 1455 2791 infatuavit
1485 2748 1713 2790 consilium
1745 2747 1931 2790 Achito-

452 2828 464 2848 ¹
489 2829 527 2861 In
542 2831 689 2873 margine
705 2837 840 2874 ‘postea
855 2835 916 2866 fuit
931 2836 1104 2878 episcopus
1121 2838 1353 2877 Cieestrensis,’
1370 2838 1484 2870 eadem
1501 2847 1611 2869 mann.
