2456 3210
447 257 529 303 150
953 253 1084 290 LOCI
1117 255 1156 289 E
1193 254 1358 290 LIBRO
1405 254 1748 290 VERJTATUM.

448 395 615 437 meliori
660 394 820 445 Saule‚’
857 402 906 437 ut
945 403 1070 450 patet
1112 397 1177 438 ΡΟ.
1221 397 1411 451 Regum,
1455 405 1508 450 15
1549 396 1756 450 capitulo.
1819 396 1892 439 Sic
1934 397 2015 439 Xti
2050 397 2249 447 vicarius,

445 476 650 517 dominus
681 490 809 531 papa,
841 477 915 531 qui
946 483 1013 519 est
1042 477 1322 531 dispensator
1353 484 1397 519 et
1434 477 1633 518 minister.
1666 477 1882 519 bonorum
1919 477 2113 520 ecclesiae
2147 491 2249 520 auc-

445 556 625 598 toritate
647 557 739 607 Xti,
763 563 911 611 potest
940 557 983 598 in
1012 557 1097 599 Dei
1121 558 1290 599 cultum
1313 558 1706 611 augmentandum,
1727 564 1772 600 et
1796 557 1964 600 lucrum
1989 559 2247 608 animarum,

446 650 514 678 res
555 638 683 679 datas
724 638 767 678 in
808 652 910 679 usus
957 637 1139 692 alicujus
1185 639 1381 680 ecclesiae
1422 639 1654 693 disponere
1695 645 1739 680 et
1783 639 2029 693 prudentiae
2068 639 2249 694 alicujus

445 717 524 758 viri
561 718 603 758 in
641 719 949 759 commendam
986 720 1171 771 tradere,
1205 725 1250 760 et
1285 720 1442 762 eadem
1478 719 1594 760 bona
1629 719 1688 760 in>
1715 719 1918 761 meliores
1958 726 2003 761 et
2042 720 2087 760 in
2126 733 2248 762 sanc-

445 799 579 839 tiores
620 813 722 840 usus
763 800 970 850 converti,
1010 806 1056 841 et
1094 801 1315 854 praecipue
1354 800 1399 844 in
1443 799 1541 841 illos
1584 806 1709 842 actus
1750 815 1808 842 ex
1850 801 2009 855 quibus
2052 801 2250 855 sequitur

446 878 586 932 major
624 880 742 920 salus
784 887 828 921 et
864 880 1034 922 lucrum
1070 881 1330 922 animarum.
1408 880 1460 926 In
1497 881 1678 926 diversis
1715 881 1912 935 epistolis
1946 881 2086 924 sancti
2119 895 2248 936 papae

446 958 645 1013 Gregorii
693 960 853 1014 legitur
893 962 1012 1015 quod
1060 960 1251 1003 Sanctus
1292 960 1530 1015 Gregorius
1573 960 1678 1003 fecit
1718 961 1830 1003 duos
1869 962 2151 1017 episcopatus
2191 963 2248 1004 de

445 1053 531 1081 u-no
564 1041 834 1095 episcopatu,
866 1048 911 1083 et
947 1048 1084 1084 terras
1115 1049 1160 1084 et
1190 1042 1387 1087 redditus
1417 1042 1546 1083 unius
1581 1041 1776 1083 ecclesiae
1807 1043 1932 1102 dedit
1966 1043 2011 1083 in
2047 1041 2248 1084 meliores

444 1134 548 1161 usus
595 1121 775 1163 alterius
823 1122 1031 1174 ecclesiae,
1076 1129 1120 1164 et
1169 1123 1386 1164 concessit
1426 1122 1546 1176 quod
1586 1136 1698 1164 unus
1743 1123 1886 1164 bonus
1926 1129 2077 1178 pastor
2120 1122 2248 1164 unius

444 1201 639 1242 ecclesiae
680 1202 863 1244 haberet
904 1203 987 1244 sibi
1029 1209 1073 1244 et
1109 1203 1431 1244 successoribus
1471 1203 1560 1243 suis
1599 1216 1667 1244 res
1706 1202 1885 1244 alterius
1927 1203 2135 1253 ecclesiae,
2171 1203 2246 1244 ubi

442 1295 595 1335 paucae
636 1297 835 1337 personae
876 1283 1063 1335 fuerunt,
1104 1290 1148 1325 et
1195 1297 1338 1337 pauca
1377 1283 1495 1325 bona
1535 1297 1614 1337 per
1652 1283 1747 1324 illas
1787 1290 1924 1325 terras
1965 1290 2010 1326 et
2049 1284 2247 1326 redditus

442 1361 619 1404 fiebant.
682 1363 808 1412 Item,
847 1365 965 1406 idem
1006 1371 1183 1406 sanctus
1224 1364 1346 1418 Papa
1381 1363 1506 1405 dedit
1544 1363 1769 1405 licenciam
1809 1364 1911 1405 viris
1951 1364 2160 1415 ecclesiae,
2197 1372 2247 1407 ut

442 1443 628 1485 invicem
671 1451 995 1487 commutarent
1035 1451 1173 1486 terras
1214 1459 1316 1486 suas
1357 1451 1401 1486 et
1441 1444 1638 1486 redditus
1677 1444 1721 1485 in
1763 1444 1974 1498 majorem
2010 1445 2249 1489 utilitatem

443 1526 810 1578 consequendam,
843 1531 893 1567 ut
923 1531 1048 1579 patet
1078 1526 1122 1566 in
1154 1526 1311 1567 eodem
1345 1525 1552 1579 Registro
1585 1524 1737 1567 Sancti
1770 1524 1983 1579 Gregorii.

559 1611 603 1653 [p.
630 1611 718 1652 162.]
780 1605 999 1646 Dominus
1036 1606 1160 1647 Deus
1195 1612 1395 1654 testatur,
1425 1604 1631 1659 Jeremiae
1669 1603 1740 1644 18⁰
1775 1609 1871 1654 ca⁰.,
1907 1605 2028 1659 quod
2064 1605 2100 1647 si
2136 1619 2244 1660 gens

443 1685 703 1738 peccaverit,
757 1691 800 1727 et
853 1686 949 1727 voci
1004 1686 1088 1727 Dei
1144 1700 1233 1727 non
1287 1686 1513 1736 obedierit,
1564 1692 1670 1727 tunc
1725 1685 1850 1727 Deus
1906 1692 2011 1740 aget
2062 1686 2243 1740 pinnam

442 1779 574 1818 super
609 1766 726 1806 bono
763 1767 883 1819 quod
920 1766 1091 1808 locutus
1133 1774 1200 1808 est
1241 1774 1290 1808 ut
1324 1766 1489 1808 faceret
1527 1766 1661 1820 genti,
1694 1766 1720 1806 i.
1736 1780 1771 1807 e.
1809 1766 1998 1808 mutabit
2039 1767 2243 1809 effectum

443 1859 575 1898 quem
624 1846 838 1899 promisit,
879 1852 923 1887 et
971 1861 1060 1888 non
1106 1847 1239 1889 faciet
1278 1848 1444 1888 bonum
1485 1847 1604 1901 quod
1643 1846 1844 1900 promisit
1884 1846 1945 1887 illi
1984 1848 2118 1902 genti,
2159 1848 2243 1890 sub

442 1925 696 1967 conditione
742 1926 1061 1968 subintellecta.
1143 1926 1442 1969 Consimiliter
1488 1926 1567 1968 Xti
1613 1926 1809 1976 vicarius,
1861 1927 2065 1969 dominus
2112 1942 2242 1983 papa,

442 2012 603 2060 potest,
623 2013 804 2060 propter
832 2007 1018 2048 abusum
1055 2015 1099 2054 et
1130 2015 1374 2063 peccatum,
1396 2006 1614 2050 retrahere
1643 2007 1762 2048 bona
1790 2008 2050 2062 temporalia
2082 2015 2126 2051 et
2156 2009 2244 2063 pri-

441 2087 600 2141 vilegia
630 2088 704 2128 uni
736 2087 929 2128 ecclesiae
965 2101 1183 2140 concessa,
1214 2096 1259 2131 et
1291 2090 1335 2130 in
1370 2088 1478 2130 alios
1511 2102 1613 2129 usus
1649 2087 1850 2129 meliores
1883 2088 1957 2130 illa
1988 2089 2106 2132 bona
2139 2103 2242 2131 con-

442 2167 579 2219 ferre3
618 2174 663 2209 et
690 2174 837 2221 potest
866 2174 1035 2209 mutare
1060 2169 1232 2221 collata,
1254 2177 1298 2211 et
1329 2168 1547 2210 retrahere
1572 2167 1743 2219 collata,
1764 2168 1877 2222 sicut
1907 2170 2041 2220 Deus,
2062 2176 2243 2224 propter

441 2254 686 2301 peccatum,
719 2249 902 2295 retraxit
933 2248 1051 2290 bona
1082 2250 1243 2291 collata
1274 2264 1300 2291 a
1330 2249 1588 2303 Jerusalem,
1621 2255 1666 2290 et
1700 2248 1756 2290 ab
1789 2249 1912 2304 Hely
1940 2256 1984 2291 et
2014 2264 2041 2291 a
2071 2264 2240 2292 succes-

443 2330 613 2370 soribus
650 2329 757 2383 ejus.
821 2329 949 2370 Patet
985 2330 1126 2382 primo
1164 2331 1353 2384 Regum.
1416 2330 1512 2371 Nec
1549 2329 1592 2369 in
1627 2329 1711 2370 hoc
1747 2329 1850 2371 facit
1886 2344 2002 2385 papa
2037 2330 2239 2384 injuriam

442 2409 648 2459 ecclesiae,
683 2410 787 2464 quia
819 2415 923 2451 tunc
955 2410 998 2449 in
1034 2410 1111 2451 tali
1149 2425 1252 2452 casu
1290 2410 1365 2451 illa
1400 2411 1517 2451 bona
1552 2422 1639 2450 non
1673 2409 1889 2452 debentur
1922 2411 2006 2453 illis
2041 2410 2239 2465 personis

442 2488 661 2544 (quamvis
696 2490 915 2531 dabantur
953 2491 1149 2542 personis
1183 2491 1268 2533 illis
1308 2491 1352 2532 in
1389 2496 1651 2544 perpetuum
1688 2492 1764 2532 sed
1806 2492 1887 2533 sub
1928 2491 2180 2533 conditione
2193 2490 2239 2547 ¹),

441 2571 476 2610 si
532 2577 729 2624 potestas
782 2570 978 2624 superior
1025 2570 1100 2611 illa
1151 2585 1239 2613 non
1292 2575 1527 2620 revocaret,
1575 2577 1618 2611 et
1669 2571 1807 2612 eciam
1861 2572 1971 2613 dans
2023 2585 2075 2613 ea
2121 2571 2238 2613 bona

442 2664 529 2691 non
565 2650 786 2693 intellexit
816 2652 934 2705 quod
967 2650 1113 2704 aliquo
1144 2659 1343 2705 ternpore
1374 2650 1417 2691 in
1448 2655 1709 2703 perpetuum
1740 2665 1939 2705 personae
1970 2651 2091 2706 cujus
2120 2652 2238 2693 bona

441 2731 602 2772 collata
638 2738 772 2783 erant,
809 2731 883 2773 illa
924 2730 1082 2773 retrahi
1119 2745 1145 2772 a
1181 2731 1336 2785 seipsis
1372 2738 1652 2774 mererentur.
1725 2732 1960 2775 Promissio
2000 2732 2116 2774 enim
2151 2731 2237 2773 Dei

1241 2820 1252 2839 ¹
1277 2821 1314 2852 In
1332 2830 1435 2861 marg.
