<?xml version="1.0" encoding="UTF-8"?>
<!DOCTYPE html PUBLIC "-//W3C//DTD XHTML 1.0 Transitional//EN"
    "http://www.w3.org/TR/xhtml1/DTD/xhtml1-transitional.dtd">
<html xmlns="http://www.w3.org/1999/xhtml" xml:lang="en" lang="en">
 <head>
  <title>
</title>
<meta http-equiv="Content-Type" content="text/html;charset=utf-8" />
  <meta name='ocr-system' content='tesseract 3.04.00' />
  <meta name='ocr-capabilities' content='ocr_page ocr_carea ocr_par ocr_line ocrx_word'/>
</head>
<body>
  <div class='ocr_page' id='page_1' title='image "./locielibroverita00gascuoft_0270.png"; bbox 0 0 2456 3210; ppageno 0'>
   <div class='ocr_carea' id='block_1_1' title="bbox 467 266 1767 310">
    <p class='ocr_par' dir='ltr' id='par_1_1' title="bbox 467 266 1767 310">
     <span class='ocr_line' id='line_1_1' title="bbox 467 266 1767 310; baseline 0.002 -3"><span class='ocrx_word' id='word_1_1' title='bbox 467 266 545 308; x_wconf 89' lang='lat'><strong>168</strong></span> <span class='ocrx_word' id='word_1_2' title='bbox 966 269 1098 306; x_wconf 84' lang='lat' dir='ltr'><em>LOCI</em></span> <span class='ocrx_word' id='word_1_3' title='bbox 1132 271 1171 306; x_wconf 91' lang='lat' dir='ltr'><em>E</em></span> <span class='ocrx_word' id='word_1_4' title='bbox 1209 271 1375 307; x_wconf 84' lang='lat' dir='ltr'><em>LIBRO</em></span> <span class='ocrx_word' id='word_1_5' title='bbox 1423 271 1767 310; x_wconf 79' lang='lat' dir='ltr'><em>VERJTATUM.</em></span> 
     </span>
    </p>
   </div>
   <div class='ocr_carea' id='block_1_2' title="bbox 461 415 2267 2887">
    <p class='ocr_par' dir='ltr' id='par_1_2' title="bbox 463 415 2267 713">
     <span class='ocr_line' id='line_1_2' title="bbox 463 415 2264 470; baseline 0.002 -13"><span class='ocrx_word' id='word_1_6' title='bbox 463 416 568 470; x_wconf 90' lang='lat' dir='ltr'><strong>priis</strong></span> <span class='ocrx_word' id='word_1_7' title='bbox 603 417 731 458; x_wconf 91' lang='lat' dir='ltr'><strong>bonis</strong></span> <span class='ocrx_word' id='word_1_8' title='bbox 767 416 962 470; x_wconf 89' lang='lat' dir='ltr'><strong>ipsorum</strong></span> <span class='ocrx_word' id='word_1_9' title='bbox 993 415 1273 456; x_wconf 90' lang='lat' dir='ltr'><strong>dominorum</strong></span> <span class='ocrx_word' id='word_1_10' title='bbox 1306 415 1584 465; x_wconf 85' lang='lat' dir='ltr'><strong>exhiberent,</strong></span> <span class='ocrx_word' id='word_1_11' title='bbox 1614 421 1660 458; x_wconf 92' lang='lat' dir='ltr'><strong>et</strong></span> <span class='ocrx_word' id='word_1_12' title='bbox 1688 415 1802 457; x_wconf 89' lang='lat' dir='ltr'><strong>tales</strong></span> <span class='ocrx_word' id='word_1_13' title='bbox 1835 430 1984 458; x_wconf 91' lang='lat' dir='ltr'><strong>secum</strong></span> <span class='ocrx_word' id='word_1_14' title='bbox 2016 418 2264 468; x_wconf 87' lang='lat' dir='ltr'><strong>retinerent,</strong></span> 
     </span>
     <span class='ocr_line' id='line_1_3' title="bbox 463 495 2266 552; baseline 0.001 -13"><span class='ocrx_word' id='word_1_15' title='bbox 463 497 540 551; x_wconf 82' lang='lat' dir='ltr'><strong>qui</strong></span> <span class='ocrx_word' id='word_1_16' title='bbox 567 497 624 539; x_wconf 87' lang='lat' dir='ltr'><strong>ab</strong></span> <span class='ocrx_word' id='word_1_17' title='bbox 649 496 770 538; x_wconf 91' lang='lat' dir='ltr'><strong>omni</strong></span> <span class='ocrx_word' id='word_1_18' title='bbox 798 495 884 537; x_wconf 88' lang='lat' dir='ltr'><strong>alia</strong></span> <span class='ocrx_word' id='word_1_19' title='bbox 910 508 1013 537; x_wconf 89' lang='lat' dir='ltr'><strong>cura</strong></span> <span class='ocrx_word' id='word_1_20' title='bbox 1038 495 1162 537; x_wconf 90' lang='lat' dir='ltr'><strong>exuti</strong></span> <span class='ocrx_word' id='word_1_21' title='bbox 1189 501 1362 547; x_wconf 85' lang='lat' dir='ltr'><strong>essent3</strong></span> <span class='ocrx_word' id='word_1_22' title='bbox 1394 496 1494 537; x_wconf 93' lang='lat' dir='ltr'><strong>ideo</strong></span> <span class='ocrx_word' id='word_1_23' title='bbox 1524 495 1641 537; x_wconf 91' lang='lat' dir='ltr'><strong>enim</strong></span> <span class='ocrx_word' id='word_1_24' title='bbox 1664 496 1883 538; x_wconf 91' lang='lat' dir='ltr'><strong>Dominus</strong></span> <span class='ocrx_word' id='word_1_25' title='bbox 1913 499 2132 552; x_wconf 88' lang='lat' dir='ltr'><strong>separavit</strong></span> <span class='ocrx_word' id='word_1_26' title='bbox 2152 498 2266 541; x_wconf 90' lang='lat' dir='ltr'><strong>filios</strong></span> 
     </span>
     <span class='ocr_line' id='line_1_4' title="bbox 465 576 2267 633; baseline 0 -13"><span class='ocrx_word' id='word_1_27' title='bbox 465 578 573 620; x_wconf 90' lang='lat' dir='ltr'><strong>Levi</strong></span> <span class='ocrx_word' id='word_1_28' title='bbox 608 578 665 620; x_wconf 86' lang='lat' dir='ltr'><strong>ab</strong></span> <span class='ocrx_word' id='word_1_29' title='bbox 701 578 871 620; x_wconf 91' lang='lat' dir='ltr'><strong>actibus</strong></span> <span class='ocrx_word' id='word_1_30' title='bbox 906 576 1223 628; x_wconf 89' lang='lat' dir='ltr'><strong>communibus,</strong></span> <span class='ocrx_word' id='word_1_31' title='bbox 1259 584 1308 619; x_wconf 94' lang='lat' dir='ltr'><strong>ut</strong></span> <span class='ocrx_word' id='word_1_32' title='bbox 1343 577 1514 618; x_wconf 91' lang='lat' dir='ltr'><strong>actibus</strong></span> <span class='ocrx_word' id='word_1_33' title='bbox 1558 582 1762 619; x_wconf 90' lang='lat' dir='ltr'><strong>vacarent</strong></span> <span class='ocrx_word' id='word_1_34' title='bbox 1801 591 1912 632; x_wconf 91' lang='lat' dir='ltr'><strong>quos</strong></span> <span class='ocrx_word' id='word_1_35' title='bbox 1950 579 2160 633; x_wconf 86' lang='lat' dir='ltr'><strong>praecepit</strong></span> <span class='ocrx_word' id='word_1_36' title='bbox 2203 580 2267 621; x_wconf 88' lang='lat' dir='ltr'><strong>eis</strong></span> 
     </span>
     <span class='ocr_line' id='line_1_5' title="bbox 465 656 1178 713; baseline -0.004 -12"><span class='ocrx_word' id='word_1_37' title='bbox 465 658 589 700; x_wconf 88' lang='lat' dir='ltr'><strong>Deus</strong></span> <span class='ocrx_word' id='word_1_38' title='bbox 619 664 665 701; x_wconf 91' lang='lat' dir='ltr'><strong>et</strong></span> <span class='ocrx_word' id='word_1_39' title='bbox 693 656 883 713; x_wconf 91' lang='lat' dir='ltr'><strong>apostoli</strong></span> <span class='ocrx_word' id='word_1_40' title='bbox 913 657 1112 699; x_wconf 90' lang='lat' dir='ltr'><strong>Actuum</strong></span> <span class='ocrx_word' id='word_1_41' title='bbox 1138 656 1178 698; x_wconf 92' lang='lat'><strong>6.</strong></span> 
     </span>
    </p>

    <p class='ocr_par' dir='ltr' id='par_1_3' title="bbox 461 733 2267 2479">
     <span class='ocr_line' id='line_1_6' title="bbox 578 733 2265 793; baseline 0.001 -13"><span class='ocrx_word' id='word_1_42' title='bbox 578 745 623 789; x_wconf 88' lang='lat' dir='ltr'><strong>[p.</strong></span> <span class='ocrx_word' id='word_1_43' title='bbox 650 744 737 788; x_wconf 74' lang='lat'>185]</span> <span class='ocrx_word' id='word_1_44' title='bbox 798 739 917 780; x_wconf 91' lang='lat' dir='ltr'><strong>Novi</strong></span> <span class='ocrx_word' id='word_1_45' title='bbox 950 738 1069 780; x_wconf 91' lang='lat' dir='ltr'><strong>enim</strong></span> <span class='ocrx_word' id='word_1_46' title='bbox 1106 737 1359 792; x_wconf 87' lang='lat' dir='ltr'><strong>Eugenium</strong></span> <span class='ocrx_word' id='word_1_47' title='bbox 1385 737 1512 792; x_wconf 79' lang='lat' dir='ltr'><strong>iiij&#39;mm</strong></span> <span class='ocrx_word' id='word_1_48' title='bbox 1542 733 1705 793; x_wconf 87' lang='lat' dir='ltr'><strong>papam</strong></span> <span class='ocrx_word' id='word_1_49' title='bbox 1737 739 2004 781; x_wconf 89' lang='lat' dir='ltr'><strong>concessisse</strong></span> <span class='ocrx_word' id='word_1_50' title='bbox 2039 739 2265 782; x_wconf 89' lang='lat' dir='ltr'><strong>licenciam</strong></span> 
     </span>
     <span class='ocr_line' id='line_1_7' title="bbox 463 817 2264 875; baseline 0.001 -15"><span class='ocrx_word' id='word_1_51' title='bbox 463 820 638 861; x_wconf 90' lang='lat' dir='ltr'><strong>cuidam</strong></span> <span class='ocrx_word' id='word_1_52' title='bbox 670 819 877 874; x_wconf 90' lang='lat' dir='ltr'><strong>episcopo</strong></span> <span class='ocrx_word' id='word_1_53' title='bbox 908 820 953 860; x_wconf 90' lang='lat' dir='ltr'><strong>in</strong></span> <span class='ocrx_word' id='word_1_54' title='bbox 981 817 1160 873; x_wconf 86' lang='lat' dir='ltr'><strong>Anglia,</strong></span> <span class='ocrx_word' id='word_1_55' title='bbox 1188 819 1308 872; x_wconf 92' lang='lat' dir='ltr'><strong>quod</strong></span> <span class='ocrx_word' id='word_1_56' title='bbox 1339 818 1433 873; x_wconf 90' lang='lat' dir='ltr'><strong>ipse</strong></span> <span class='ocrx_word' id='word_1_57' title='bbox 1461 825 1650 869; x_wconf 90' lang='lat' dir='ltr'><strong>vocaret,</strong></span> <span class='ocrx_word' id='word_1_58' title='bbox 1682 825 1731 861; x_wconf 90' lang='lat' dir='ltr'><strong>ut</strong></span> <span class='ocrx_word' id='word_1_59' title='bbox 1758 825 1906 862; x_wconf 86' lang='lat' dir='ltr'><strong>essent</strong></span> <span class='ocrx_word' id='word_1_60' title='bbox 1941 819 2156 875; x_wconf 90' lang='lat' dir='ltr'><strong>capellani</strong></span> <span class='ocrx_word' id='word_1_61' title='bbox 2185 820 2264 870; x_wconf 90' lang='lat' dir='ltr'><strong>sui,</strong></span> 
     </span>
     <span class='ocr_line' id='line_1_8' title="bbox 463 898 2267 954; baseline 0.001 -14"><span class='ocrx_word' id='word_1_62' title='bbox 463 913 750 954; x_wconf 90' lang='lat' dir='ltr'><strong>quoscunque</strong></span> <span class='ocrx_word' id='word_1_63' title='bbox 783 900 1033 941; x_wconf 86' lang='lat' dir='ltr'><strong>sacerdotes</strong></span> <span class='ocrx_word' id='word_1_64' title='bbox 1066 904 1240 940; x_wconf 90' lang='lat' dir='ltr'><strong>curatos</strong></span> <span class='ocrx_word' id='word_1_65' title='bbox 1273 898 1412 940; x_wconf 91' lang='lat' dir='ltr'><strong>voluit</strong></span> <span class='ocrx_word' id='word_1_66' title='bbox 1447 899 1530 940; x_wconf 89' lang='lat' dir='ltr'><strong>sub</strong></span> <span class='ocrx_word' id='word_1_67' title='bbox 1565 905 1685 941; x_wconf 92' lang='lat' dir='ltr'><strong>certo</strong></span> <span class='ocrx_word' id='word_1_68' title='bbox 1718 913 1913 950; x_wconf 91' lang='lat' dir='ltr'><strong>numero,</strong></span> <span class='ocrx_word' id='word_1_69' title='bbox 1945 900 2007 942; x_wconf 89' lang='lat' dir='ltr'><strong>ita</strong></span> <span class='ocrx_word' id='word_1_70' title='bbox 2038 900 2157 954; x_wconf 93' lang='lat' dir='ltr'><strong>quod</strong></span> <span class='ocrx_word' id='word_1_71' title='bbox 2187 914 2267 942; x_wconf 86' lang='lat' dir='ltr'><strong>ex-</strong></span> 
     </span>
     <span class='ocr_line' id='line_1_9' title="bbox 462 978 2265 1032; baseline 0.001 -10"><span class='ocrx_word' id='word_1_72' title='bbox 462 981 600 1022; x_wconf 89' lang='lat' dir='ltr'><strong>cusati</strong></span> <span class='ocrx_word' id='word_1_73' title='bbox 632 986 778 1022; x_wconf 86' lang='lat' dir='ltr'><strong>essent</strong></span> <span class='ocrx_word' id='word_1_74' title='bbox 805 979 863 1021; x_wconf 93' lang='lat' dir='ltr'><strong>ab</strong></span> <span class='ocrx_word' id='word_1_75' title='bbox 894 979 1015 1020; x_wconf 90' lang='lat' dir='ltr'><strong>omni</strong></span> <span class='ocrx_word' id='word_1_76' title='bbox 1048 978 1287 1021; x_wconf 87' lang='lat' dir='ltr'><strong>residencia</strong></span> <span class='ocrx_word' id='word_1_77' title='bbox 1323 979 1367 1020; x_wconf 90' lang='lat' dir='ltr'><strong>in</strong></span> <span class='ocrx_word' id='word_1_78' title='bbox 1398 993 1476 1021; x_wconf 91' lang='lat' dir='ltr'><strong>sua</strong></span> <span class='ocrx_word' id='word_1_79' title='bbox 1516 981 1712 1031; x_wconf 89' lang='lat' dir='ltr'><strong>rectoria,</strong></span> <span class='ocrx_word' id='word_1_80' title='bbox 1742 986 1789 1022; x_wconf 90' lang='lat' dir='ltr'><strong>et</strong></span> <span class='ocrx_word' id='word_1_81' title='bbox 1824 982 1964 1023; x_wconf 90' lang='lat' dir='ltr'><strong>eciam</strong></span> <span class='ocrx_word' id='word_1_82' title='bbox 1998 981 2187 1032; x_wconf 85' lang='lat' dir='ltr'><strong>vicaria3</strong></span> <span class='ocrx_word' id='word_1_83' title='bbox 2219 987 2265 1023; x_wconf 92' lang='lat' dir='ltr'><strong>et</strong></span> 
     </span>
     <span class='ocr_line' id='line_1_10' title="bbox 463 1060 2266 1116; baseline 0.001 -15"><span class='ocrx_word' id='word_1_84' title='bbox 463 1061 577 1102; x_wconf 86' lang='lat' dir='ltr'><strong>inter</strong></span> <span class='ocrx_word' id='word_1_85' title='bbox 611 1066 794 1103; x_wconf 72' lang='lat' dir='ltr'><strong>caeteros</strong></span> <span class='ocrx_word' id='word_1_86' title='bbox 825 1060 999 1102; x_wconf 90' lang='lat' dir='ltr'><strong>vocavit</strong></span> <span class='ocrx_word' id='word_1_87' title='bbox 1030 1073 1167 1101; x_wconf 89' lang='lat' dir='ltr'><strong>unum</strong></span> <span class='ocrx_word' id='word_1_88' title='bbox 1198 1060 1274 1114; x_wconf 89' lang='lat' dir='ltr'><strong>qui</strong></span> <span class='ocrx_word' id='word_1_89' title='bbox 1306 1060 1388 1102; x_wconf 90' lang='lat' dir='ltr'><strong>fuit</strong></span> <span class='ocrx_word' id='word_1_90' title='bbox 1424 1066 1566 1103; x_wconf 90' lang='lat' dir='ltr'><strong>rector</strong></span> <span class='ocrx_word' id='word_1_91' title='bbox 1597 1067 1642 1103; x_wconf 90' lang='lat' dir='ltr'><strong>et</strong></span> <span class='ocrx_word' id='word_1_92' title='bbox 1670 1061 1866 1111; x_wconf 84' lang='lat' dir='ltr'><strong>vicarius,</strong></span> <span class='ocrx_word' id='word_1_93' title='bbox 1898 1067 1947 1103; x_wconf 92' lang='lat' dir='ltr'><strong>ut</strong></span> <span class='ocrx_word' id='word_1_94' title='bbox 1976 1067 2091 1104; x_wconf 88' lang='lat' dir='ltr'><strong>esset</strong></span> <span class='ocrx_word' id='word_1_95' title='bbox 2121 1060 2266 1116; x_wconf 90' lang='lat' dir='ltr'><strong>capel-</strong></span> 
     </span>
     <span class='ocr_line' id='line_1_11' title="bbox 463 1140 2266 1195; baseline 0.001 -13"><span class='ocrx_word' id='word_1_96' title='bbox 463 1141 589 1182; x_wconf 85' lang='lat' dir='ltr'><strong>lanus</strong></span> <span class='ocrx_word' id='word_1_97' title='bbox 624 1155 740 1193; x_wconf 88' lang='lat' dir='ltr'><strong>suus,</strong></span> <span class='ocrx_word' id='word_1_98' title='bbox 771 1147 816 1183; x_wconf 90' lang='lat' dir='ltr'><strong>et</strong></span> <span class='ocrx_word' id='word_1_99' title='bbox 849 1141 1043 1182; x_wconf 90' lang='lat' dir='ltr'><strong>admisso</strong></span> <span class='ocrx_word' id='word_1_100' title='bbox 1076 1140 1119 1181; x_wconf 91' lang='lat' dir='ltr'><strong>in</strong></span> <span class='ocrx_word' id='word_1_101' title='bbox 1151 1140 1343 1182; x_wconf 89' lang='lat' dir='ltr'><strong>officium</strong></span> <span class='ocrx_word' id='word_1_102' title='bbox 1379 1140 1596 1195; x_wconf 89' lang='lat' dir='ltr'><strong>capellani</strong></span> <span class='ocrx_word' id='word_1_103' title='bbox 1630 1141 1835 1195; x_wconf 86' lang='lat' dir='ltr'><strong>episcopi,</strong></span> <span class='ocrx_word' id='word_1_104' title='bbox 1866 1142 1984 1184; x_wconf 90' lang='lat' dir='ltr'><strong>idem</strong></span> <span class='ocrx_word' id='word_1_105' title='bbox 2015 1149 2156 1184; x_wconf 90' lang='lat' dir='ltr'><strong>rector</strong></span> <span class='ocrx_word' id='word_1_106' title='bbox 2185 1155 2266 1183; x_wconf 88' lang='lat' dir='ltr'><strong>nec</strong></span> 
     </span>
     <span class='ocr_line' id='line_1_12' title="bbox 462 1221 2266 1275; baseline 0 -13"><span class='ocrx_word' id='word_1_107' title='bbox 462 1222 586 1264; x_wconf 89' lang='lat' dir='ltr'><strong>stetit</strong></span> <span class='ocrx_word' id='word_1_108' title='bbox 620 1221 664 1263; x_wconf 90' lang='lat' dir='ltr'><strong>in</strong></span> <span class='ocrx_word' id='word_1_109' title='bbox 698 1222 833 1263; x_wconf 90' lang='lat' dir='ltr'><strong>domo</strong></span> <span class='ocrx_word' id='word_1_110' title='bbox 870 1221 1064 1275; x_wconf 89' lang='lat' dir='ltr'><strong>episcopi</strong></span> <span class='ocrx_word' id='word_1_111' title='bbox 1100 1234 1180 1262; x_wconf 90' lang='lat' dir='ltr'><strong>nec</strong></span> <span class='ocrx_word' id='word_1_112' title='bbox 1218 1221 1263 1262; x_wconf 88' lang='lat' dir='ltr'><strong>in</strong></span> <span class='ocrx_word' id='word_1_113' title='bbox 1299 1235 1402 1263; x_wconf 89' lang='lat' dir='ltr'><strong>cura</strong></span> <span class='ocrx_word' id='word_1_114' title='bbox 1438 1235 1529 1272; x_wconf 88' lang='lat' dir='ltr'><strong>sua,</strong></span> <span class='ocrx_word' id='word_1_115' title='bbox 1564 1221 1643 1263; x_wconf 91' lang='lat' dir='ltr'><strong>sed</strong></span> <span class='ocrx_word' id='word_1_116' title='bbox 1672 1223 1982 1264; x_wconf 90' lang='lat' dir='ltr'><strong>venacionibus</strong></span> <span class='ocrx_word' id='word_1_117' title='bbox 2018 1227 2063 1264; x_wconf 91' lang='lat' dir='ltr'><strong>et</strong></span> <span class='ocrx_word' id='word_1_118' title='bbox 2098 1222 2266 1264; x_wconf 90' lang='lat' dir='ltr'><strong>deliciis</strong></span> 
     </span>
     <span class='ocr_line' id='line_1_13' title="bbox 463 1301 2266 1359; baseline 0.002 -16"><span class='ocrx_word' id='word_1_119' title='bbox 463 1302 710 1344; x_wconf 89' lang='lat' dir='ltr'><strong>carnalibus</strong></span> <span class='ocrx_word' id='word_1_120' title='bbox 739 1316 819 1357; x_wconf 89' lang='lat' dir='ltr'><strong>per</strong></span> <span class='ocrx_word' id='word_1_121' title='bbox 847 1315 988 1343; x_wconf 90' lang='lat' dir='ltr'><strong>annos</strong></span> <span class='ocrx_word' id='word_1_122' title='bbox 1018 1301 1204 1351; x_wconf 90' lang='lat' dir='ltr'><strong>vacavit,</strong></span> <span class='ocrx_word' id='word_1_123' title='bbox 1237 1302 1388 1344; x_wconf 89' lang='lat' dir='ltr'><strong>dicens</strong></span> <span class='ocrx_word' id='word_1_124' title='bbox 1417 1316 1466 1344; x_wconf 90' lang='lat' dir='ltr'><strong>se</strong></span> <span class='ocrx_word' id='word_1_125' title='bbox 1495 1316 1574 1356; x_wconf 90' lang='lat' dir='ltr'><strong>per</strong></span> <span class='ocrx_word' id='word_1_126' title='bbox 1601 1301 1723 1344; x_wconf 91' lang='lat' dir='ltr'><strong>illam</strong></span> <span class='ocrx_word' id='word_1_127' title='bbox 1754 1302 1981 1345; x_wconf 88' lang='lat' dir='ltr'><strong>licenciam</strong></span> <span class='ocrx_word' id='word_1_128' title='bbox 2011 1318 2140 1359; x_wconf 87' lang='lat' dir='ltr'><strong>papae</strong></span> <span class='ocrx_word' id='word_1_129' title='bbox 2169 1304 2266 1347; x_wconf 90' lang='lat' dir='ltr'><strong>haec</strong></span> 
     </span>
     <span class='ocr_line' id='line_1_14' title="bbox 462 1382 2266 1441; baseline 0.003 -18"><span class='ocrx_word' id='word_1_130' title='bbox 462 1382 545 1423; x_wconf 88' lang='lat' dir='ltr'><strong>sibi</strong></span> <span class='ocrx_word' id='word_1_131' title='bbox 571 1382 728 1434; x_wconf 90' lang='lat' dir='ltr'><strong>licere;</strong></span> <span class='ocrx_word' id='word_1_132' title='bbox 765 1388 810 1424; x_wconf 93' lang='lat' dir='ltr'><strong>et</strong></span> <span class='ocrx_word' id='word_1_133' title='bbox 839 1395 1001 1436; x_wconf 89' lang='lat' dir='ltr'><strong>magna</strong></span> <span class='ocrx_word' id='word_1_134' title='bbox 1030 1388 1216 1435; x_wconf 88' lang='lat' dir='ltr'><strong>peccata</strong></span> <span class='ocrx_word' id='word_1_135' title='bbox 1248 1388 1455 1424; x_wconf 89' lang='lat' dir='ltr'><strong>secuntur</strong></span> <span class='ocrx_word' id='word_1_136' title='bbox 1481 1396 1540 1424; x_wconf 91' lang='lat' dir='ltr'><strong>ex</strong></span> <span class='ocrx_word' id='word_1_137' title='bbox 1565 1382 1661 1433; x_wconf 92' lang='lat' dir='ltr'><strong>hoc,</strong></span> <span class='ocrx_word' id='word_1_138' title='bbox 1692 1385 1811 1437; x_wconf 93' lang='lat' dir='ltr'><strong>quod</strong></span> <span class='ocrx_word' id='word_1_139' title='bbox 1841 1385 2034 1440; x_wconf 91' lang='lat' dir='ltr'><strong>episcopi</strong></span> <span class='ocrx_word' id='word_1_140' title='bbox 2065 1393 2111 1428; x_wconf 91' lang='lat' dir='ltr'><strong>et</strong></span> <span class='ocrx_word' id='word_1_141' title='bbox 2141 1399 2266 1441; x_wconf 85' lang='lat' dir='ltr'><strong>reges</strong></span> 
     </span>
     <span class='ocr_line' id='line_1_15' title="bbox 461 1463 2266 1521; baseline 0.003 -17"><span class='ocrx_word' id='word_1_142' title='bbox 461 1463 630 1505; x_wconf 91' lang='lat' dir='ltr'><strong>habent</strong></span> <span class='ocrx_word' id='word_1_143' title='bbox 663 1463 894 1505; x_wconf 88' lang='lat' dir='ltr'><strong>licenciam</strong></span> <span class='ocrx_word' id='word_1_144' title='bbox 926 1463 1142 1505; x_wconf 89' lang='lat' dir='ltr'><strong>retinendi</strong></span> <span class='ocrx_word' id='word_1_145' title='bbox 1173 1477 1322 1505; x_wconf 92' lang='lat' dir='ltr'><strong>secum</strong></span> <span class='ocrx_word' id='word_1_146' title='bbox 1358 1464 1403 1504; x_wconf 90' lang='lat' dir='ltr'><strong>in</strong></span> <span class='ocrx_word' id='word_1_147' title='bbox 1435 1464 1564 1506; x_wconf 88' lang='lat' dir='ltr'><strong>curiis</strong></span> <span class='ocrx_word' id='word_1_148' title='bbox 1597 1464 1688 1506; x_wconf 91' lang='lat' dir='ltr'><strong>suis</strong></span> <span class='ocrx_word' id='word_1_149' title='bbox 1722 1470 1767 1506; x_wconf 90' lang='lat' dir='ltr'><strong>et</strong></span> <span class='ocrx_word' id='word_1_150' title='bbox 1797 1465 1949 1507; x_wconf 86' lang='lat' dir='ltr'><strong>officiis</strong></span> <span class='ocrx_word' id='word_1_151' title='bbox 1980 1480 2266 1521; x_wconf 91' lang='lat' dir='ltr'><strong>quoscunque</strong></span> 
     </span>
     <span class='ocr_line' id='line_1_16' title="bbox 461 1543 2265 1598; baseline 0.002 -13"><span class='ocrx_word' id='word_1_152' title='bbox 461 1543 679 1585; x_wconf 86' lang='lat' dir='ltr'><strong>voluerint</strong></span> <span class='ocrx_word' id='word_1_153' title='bbox 708 1544 790 1585; x_wconf 89' lang='lat' dir='ltr'><strong>sub</strong></span> <span class='ocrx_word' id='word_1_154' title='bbox 822 1550 941 1586; x_wconf 89' lang='lat' dir='ltr'><strong>certo</strong></span> <span class='ocrx_word' id='word_1_155' title='bbox 973 1557 1167 1595; x_wconf 87' lang='lat' dir='ltr'><strong>numero,</strong></span> <span class='ocrx_word' id='word_1_156' title='bbox 1189 1544 1263 1598; x_wconf 91' lang='lat' dir='ltr'><strong>qui</strong></span> <span class='ocrx_word' id='word_1_157' title='bbox 1295 1544 1449 1586; x_wconf 90' lang='lat' dir='ltr'><strong>dicunt</strong></span> <span class='ocrx_word' id='word_1_158' title='bbox 1479 1558 1527 1586; x_wconf 90' lang='lat' dir='ltr'><strong>se</strong></span> <span class='ocrx_word' id='word_1_159' title='bbox 1556 1545 1756 1586; x_wconf 88' lang='lat' dir='ltr'><strong>excusari</strong></span> <span class='ocrx_word' id='word_1_160' title='bbox 1785 1545 1841 1586; x_wconf 92' lang='lat' dir='ltr'><strong>ab</strong></span> <span class='ocrx_word' id='word_1_161' title='bbox 1872 1547 1991 1587; x_wconf 91' lang='lat' dir='ltr'><strong>omni</strong></span> <span class='ocrx_word' id='word_1_162' title='bbox 2022 1548 2265 1589; x_wconf 89' lang='lat' dir='ltr'><strong>residencia</strong></span> 
     </span>
     <span class='ocr_line' id='line_1_17' title="bbox 463 1625 2262 1679; baseline 0.003 -14"><span class='ocrx_word' id='word_1_163' title='bbox 463 1625 508 1665; x_wconf 89' lang='lat' dir='ltr'><strong>in</strong></span> <span class='ocrx_word' id='word_1_164' title='bbox 549 1638 700 1666; x_wconf 90' lang='lat' dir='ltr'><strong>eorum</strong></span> <span class='ocrx_word' id='word_1_165' title='bbox 737 1625 850 1667; x_wconf 90' lang='lat' dir='ltr'><strong>curis</strong></span> <span class='ocrx_word' id='word_1_166' title='bbox 889 1631 934 1667; x_wconf 87' lang='lat' dir='ltr'><strong>et</strong></span> <span class='ocrx_word' id='word_1_167' title='bbox 977 1625 1129 1667; x_wconf 88' lang='lat' dir='ltr'><strong>officiis</strong></span> <span class='ocrx_word' id='word_1_168' title='bbox 1169 1639 1248 1679; x_wconf 92' lang='lat' dir='ltr'><strong>per</strong></span> <span class='ocrx_word' id='word_1_169' title='bbox 1281 1625 1417 1667; x_wconf 90' lang='lat' dir='ltr'><strong>talem</strong></span> <span class='ocrx_word' id='word_1_170' title='bbox 1455 1625 1682 1667; x_wconf 90' lang='lat' dir='ltr'><strong>licenciam</strong></span> <span class='ocrx_word' id='word_1_171' title='bbox 1714 1639 1977 1675; x_wconf 86' lang='lat' dir='ltr'><strong>concessam,</strong></span> <span class='ocrx_word' id='word_1_172' title='bbox 2010 1633 2059 1669; x_wconf 92' lang='lat' dir='ltr'><strong>ut</strong></span> <span class='ocrx_word' id='word_1_173' title='bbox 2098 1628 2262 1678; x_wconf 89' lang='lat' dir='ltr'><strong>dicunt,</strong></span> 
     </span>
     <span class='ocr_line' id='line_1_18' title="bbox 463 1705 2263 1762; baseline 0.002 -17"><span class='ocrx_word' id='word_1_174' title='bbox 463 1705 651 1759; x_wconf 86' lang='lat' dir='ltr'><strong>regibus,</strong></span> <span class='ocrx_word' id='word_1_175' title='bbox 678 1712 722 1747; x_wconf 91' lang='lat' dir='ltr'><strong>et</strong></span> <span class='ocrx_word' id='word_1_176' title='bbox 753 1706 978 1759; x_wconf 89' lang='lat' dir='ltr'><strong>episcopis,</strong></span> <span class='ocrx_word' id='word_1_177' title='bbox 1007 1712 1052 1747; x_wconf 92' lang='lat' dir='ltr'><strong>et</strong></span> <span class='ocrx_word' id='word_1_178' title='bbox 1082 1705 1272 1747; x_wconf 90' lang='lat' dir='ltr'><strong>dominis</strong></span> <span class='ocrx_word' id='word_1_179' title='bbox 1302 1706 1391 1747; x_wconf 88' lang='lat' dir='ltr'><strong>suis</strong></span> <span class='ocrx_word' id='word_1_180' title='bbox 1422 1706 1666 1756; x_wconf 81' lang='lat' dir='ltr'><strong>mundaniS,</strong></span> <span class='ocrx_word' id='word_1_181' title='bbox 1692 1712 1737 1748; x_wconf 90' lang='lat' dir='ltr'><strong>et</strong></span> <span class='ocrx_word' id='word_1_182' title='bbox 1767 1713 1917 1748; x_wconf 89' lang='lat' dir='ltr'><strong>tamen</strong></span> <span class='ocrx_word' id='word_1_183' title='bbox 1948 1707 2082 1762; x_wconf 87' lang='lat' dir='ltr'><strong>aliqui</strong></span> <span class='ocrx_word' id='word_1_184' title='bbox 2113 1722 2263 1750; x_wconf 88' lang='lat' dir='ltr'><strong>eorum</strong></span> 
     </span>
     <span class='ocr_line' id='line_1_19' title="bbox 462 1785 2264 1840; baseline 0.002 -13"><span class='ocrx_word' id='word_1_185' title='bbox 462 1791 669 1827; x_wconf 90' lang='lat' dir='ltr'><strong>tenentur</strong></span> <span class='ocrx_word' id='word_1_186' title='bbox 701 1799 759 1826; x_wconf 92' lang='lat' dir='ltr'><strong>ex</strong></span> <span class='ocrx_word' id='word_1_187' title='bbox 784 1785 1035 1839; x_wconf 87' lang='lat' dir='ltr'><strong>juramento</strong></span> <span class='ocrx_word' id='word_1_188' title='bbox 1069 1785 1269 1836; x_wconf 88' lang='lat' dir='ltr'><strong>residere,</strong></span> <span class='ocrx_word' id='word_1_189' title='bbox 1296 1787 1421 1840; x_wconf 88' lang='lat' dir='ltr'><strong>quasi</strong></span> <span class='ocrx_word' id='word_1_190' title='bbox 1455 1786 1672 1837; x_wconf 85' lang='lat' dir='ltr'><strong>continue,</strong></span> <span class='ocrx_word' id='word_1_191' title='bbox 1703 1788 1747 1828; x_wconf 89' lang='lat' dir='ltr'><strong>in</strong></span> <span class='ocrx_word' id='word_1_192' title='bbox 1783 1787 1871 1828; x_wconf 88' lang='lat' dir='ltr'><strong>suis</strong></span> <span class='ocrx_word' id='word_1_193' title='bbox 1907 1788 2100 1831; x_wconf 89' lang='lat' dir='ltr'><strong>ecclesiis</strong></span> <span class='ocrx_word' id='word_1_194' title='bbox 2131 1789 2264 1831; x_wconf 91' lang='lat' dir='ltr'><strong>colle-</strong></span> 
     </span>
     <span class='ocr_line' id='line_1_20' title="bbox 464 1865 2264 1921; baseline 0.004 -15"><span class='ocrx_word' id='word_1_195' title='bbox 464 1866 595 1921; x_wconf 87' lang='lat' dir='ltr'><strong>giatis</strong></span> <span class='ocrx_word' id='word_1_196' title='bbox 645 1865 716 1907; x_wconf 90' lang='lat' dir='ltr'><strong>vel</strong></span> <span class='ocrx_word' id='word_1_197' title='bbox 766 1865 1103 1915; x_wconf 83' lang='lat' dir='ltr'><strong>cathedralibus,</strong></span> <span class='ocrx_word' id='word_1_198' title='bbox 1146 1872 1191 1907; x_wconf 92' lang='lat' dir='ltr'><strong>et</strong></span> <span class='ocrx_word' id='word_1_199' title='bbox 1231 1866 1366 1920; x_wconf 90' lang='lat' dir='ltr'><strong>aliqui</strong></span> <span class='ocrx_word' id='word_1_200' title='bbox 1412 1881 1564 1908; x_wconf 91' lang='lat' dir='ltr'><strong>eorum</strong></span> <span class='ocrx_word' id='word_1_201' title='bbox 1605 1881 1664 1908; x_wconf 90' lang='lat' dir='ltr'><strong>ex</strong></span> <span class='ocrx_word' id='word_1_202' title='bbox 1703 1867 1931 1911; x_wconf 89' lang='lat' dir='ltr'><strong>voluntate</strong></span> <span class='ocrx_word' id='word_1_203' title='bbox 1980 1869 2264 1913; x_wconf 89' lang='lat' dir='ltr'><strong>fundatorum</strong></span> 
     </span>
     <span class='ocr_line' id='line_1_21' title="bbox 463 1946 2265 2007; baseline 0.005 -20"><span class='ocrx_word' id='word_1_204' title='bbox 463 1959 642 1987; x_wconf 87' lang='lat' dir='ltr'><strong>suorum</strong></span> <span class='ocrx_word' id='word_1_205' title='bbox 671 1951 877 1987; x_wconf 90' lang='lat' dir='ltr'><strong>tenentur</strong></span> <span class='ocrx_word' id='word_1_206' title='bbox 908 1946 1097 1987; x_wconf 89' lang='lat' dir='ltr'><strong>residere</strong></span> <span class='ocrx_word' id='word_1_207' title='bbox 1126 1951 1170 1987; x_wconf 91' lang='lat' dir='ltr'><strong>et</strong></span> <span class='ocrx_word' id='word_1_208' title='bbox 1194 1946 1384 2001; x_wconf 86' lang='lat' dir='ltr'><strong>plurima</strong></span> <span class='ocrx_word' id='word_1_209' title='bbox 1404 1947 1559 1999; x_wconf 87' lang='lat' dir='ltr'><strong>facere,</strong></span> <span class='ocrx_word' id='word_1_210' title='bbox 1585 1954 1630 1990; x_wconf 93' lang='lat' dir='ltr'><strong>et</strong></span> <span class='ocrx_word' id='word_1_211' title='bbox 1657 1953 1808 1990; x_wconf 89' lang='lat' dir='ltr'><strong>tamen</strong></span> <span class='ocrx_word' id='word_1_212' title='bbox 1836 1962 1894 1990; x_wconf 87' lang='lat' dir='ltr'><strong>ex</strong></span> <span class='ocrx_word' id='word_1_213' title='bbox 1925 1949 2104 1994; x_wconf 90' lang='lat' dir='ltr'><strong>licencia</strong></span> <span class='ocrx_word' id='word_1_214' title='bbox 2133 1966 2265 2007; x_wconf 87' lang='lat' dir='ltr'><strong>papae</strong></span> 
     </span>
     <span class='ocr_line' id='line_1_22' title="bbox 464 2025 2263 2080; baseline 0.004 -12"><span class='ocrx_word' id='word_1_215' title='bbox 464 2032 510 2068; x_wconf 91' lang='lat' dir='ltr'><strong>et</strong></span> <span class='ocrx_word' id='word_1_216' title='bbox 537 2026 871 2080; x_wconf 81' lang='lat' dir='ltr'><strong>praesidencium</strong></span> <span class='ocrx_word' id='word_1_217' title='bbox 902 2025 1013 2067; x_wconf 87' lang='lat' dir='ltr'><strong>tales</strong></span> <span class='ocrx_word' id='word_1_218' title='bbox 1041 2027 1343 2069; x_wconf 89' lang='lat' dir='ltr'><strong>ordinaciones</strong></span> <span class='ocrx_word' id='word_1_219' title='bbox 1372 2027 1635 2069; x_wconf 87' lang='lat' dir='ltr'><strong>frustrantur</strong></span> <span class='ocrx_word' id='word_1_220' title='bbox 1664 2034 1708 2070; x_wconf 91' lang='lat' dir='ltr'><strong>et</strong></span> <span class='ocrx_word' id='word_1_221' title='bbox 1739 2030 2045 2074; x_wconf 86' lang='lat' dir='ltr'><strong>remediantur.</strong></span> <span class='ocrx_word' id='word_1_222' title='bbox 2088 2032 2263 2075; x_wconf 90' lang='lat' dir='ltr'><strong>Bonum</strong></span> 
     </span>
     <span class='ocr_line' id='line_1_23' title="bbox 464 2106 2263 2164; baseline 0.004 -15"><span class='ocrx_word' id='word_1_223' title='bbox 464 2107 583 2150; x_wconf 84' lang='lat' dir='ltr'><strong>enim</strong></span> <span class='ocrx_word' id='word_1_224' title='bbox 618 2112 735 2149; x_wconf 85' lang='lat' dir='ltr'><strong>esset</strong></span> <span class='ocrx_word' id='word_1_225' title='bbox 771 2112 923 2148; x_wconf 91' lang='lat' dir='ltr'><strong>contra</strong></span> <span class='ocrx_word' id='word_1_226' title='bbox 963 2106 1071 2149; x_wconf 89' lang='lat' dir='ltr'><strong>talia</strong></span> <span class='ocrx_word' id='word_1_227' title='bbox 1107 2108 1224 2150; x_wconf 90' lang='lat' dir='ltr'><strong>mala</strong></span> <span class='ocrx_word' id='word_1_228' title='bbox 1256 2109 1500 2150; x_wconf 90' lang='lat' dir='ltr'><strong>remedium</strong></span> <span class='ocrx_word' id='word_1_229' title='bbox 1539 2109 1660 2162; x_wconf 92' lang='lat' dir='ltr'><strong>quod</strong></span> <span class='ocrx_word' id='word_1_230' title='bbox 1699 2108 1953 2152; x_wconf 89' lang='lat' dir='ltr'><strong>fundatores</strong></span> <span class='ocrx_word' id='word_1_231' title='bbox 1994 2113 2263 2164; x_wconf 88' lang='lat' dir='ltr'><strong>ordinarent,</strong></span> 
     </span>
     <span class='ocr_line' id='line_1_24' title="bbox 463 2187 2262 2244; baseline 0.003 -13"><span class='ocrx_word' id='word_1_232' title='bbox 463 2190 583 2244; x_wconf 93' lang='lat' dir='ltr'><strong>quod</strong></span> <span class='ocrx_word' id='word_1_233' title='bbox 615 2188 651 2230; x_wconf 89' lang='lat' dir='ltr'><strong>si</strong></span> <span class='ocrx_word' id='word_1_234' title='bbox 676 2187 835 2243; x_wconf 90' lang='lat' dir='ltr'><strong>aliquis</strong></span> <span class='ocrx_word' id='word_1_235' title='bbox 865 2188 910 2229; x_wconf 89' lang='lat' dir='ltr'><strong>in</strong></span> <span class='ocrx_word' id='word_1_236' title='bbox 943 2188 1022 2230; x_wconf 90' lang='lat' dir='ltr'><strong>tali</strong></span> <span class='ocrx_word' id='word_1_237' title='bbox 1053 2188 1150 2230; x_wconf 95' lang='lat' dir='ltr'><strong>loco</strong></span> <span class='ocrx_word' id='word_1_238' title='bbox 1180 2189 1390 2232; x_wconf 85' lang='lat' dir='ltr'><strong>fundatus</strong></span> <span class='ocrx_word' id='word_1_239' title='bbox 1421 2189 1631 2243; x_wconf 88' lang='lat' dir='ltr'><strong>receperit</strong></span> <span class='ocrx_word' id='word_1_240' title='bbox 1658 2189 1885 2232; x_wconf 87' lang='lat' dir='ltr'><strong>licenciam</strong></span> <span class='ocrx_word' id='word_1_241' title='bbox 1922 2192 1966 2233; x_wconf 91' lang='lat' dir='ltr'><strong>in</strong></span> <span class='ocrx_word' id='word_1_242' title='bbox 1996 2194 2262 2236; x_wconf 90' lang='lat' dir='ltr'><strong>contrarium</strong></span> 
     </span>
     <span class='ocr_line' id='line_1_25' title="bbox 463 2268 2262 2325; baseline 0.003 -13"><span class='ocrx_word' id='word_1_243' title='bbox 463 2268 755 2312; x_wconf 90' lang='lat' dir='ltr'><strong>ordinacionis</strong></span> <span class='ocrx_word' id='word_1_244' title='bbox 789 2268 1045 2319; x_wconf 89' lang='lat' dir='ltr'><strong>fundatoris,</strong></span> <span class='ocrx_word' id='word_1_245' title='bbox 1082 2270 1201 2323; x_wconf 93' lang='lat' dir='ltr'><strong>quod</strong></span> <span class='ocrx_word' id='word_1_246' title='bbox 1238 2271 1333 2324; x_wconf 89' lang='lat' dir='ltr'><strong>ipso</strong></span> <span class='ocrx_word' id='word_1_247' title='bbox 1363 2269 1481 2312; x_wconf 87' lang='lat' dir='ltr'><strong>facto</strong></span> <span class='ocrx_word' id='word_1_248' title='bbox 1513 2270 1570 2311; x_wconf 89' lang='lat' dir='ltr'><strong>sit</strong></span> <span class='ocrx_word' id='word_1_249' title='bbox 1600 2269 1811 2323; x_wconf 89' lang='lat' dir='ltr'><strong>expulsus</strong></span> <span class='ocrx_word' id='word_1_250' title='bbox 1842 2285 1869 2313; x_wconf 91' lang='lat' dir='ltr'><strong>a</strong></span> <span class='ocrx_word' id='word_1_251' title='bbox 1899 2271 1998 2325; x_wconf 87' lang='lat' dir='ltr'><strong>jure</strong></span> <span class='ocrx_word' id='word_1_252' title='bbox 2029 2273 2143 2316; x_wconf 90' lang='lat' dir='ltr'><strong>illius</strong></span> <span class='ocrx_word' id='word_1_253' title='bbox 2178 2274 2262 2317; x_wconf 92' lang='lat' dir='ltr'><strong>loci</strong></span> 
     </span>
     <span class='ocr_line' id='line_1_26' title="bbox 464 2348 2261 2404; baseline 0.002 -12"><span class='ocrx_word' id='word_1_254' title='bbox 464 2356 509 2392; x_wconf 92' lang='lat' dir='ltr'><strong>et</strong></span> <span class='ocrx_word' id='word_1_255' title='bbox 550 2349 838 2404; x_wconf 89' lang='lat' dir='ltr'><strong>expellendus</strong></span> <span class='ocrx_word' id='word_1_256' title='bbox 873 2362 900 2390; x_wconf 93' lang='lat' dir='ltr'><strong>a</strong></span> <span class='ocrx_word' id='word_1_257' title='bbox 933 2348 1029 2390; x_wconf 94' lang='lat' dir='ltr'><strong>loco</strong></span> <span class='ocrx_word' id='word_1_258' title='bbox 1069 2349 1163 2391; x_wconf 90' lang='lat' dir='ltr'><strong>sine</strong></span> <span class='ocrx_word' id='word_1_259' title='bbox 1204 2363 1326 2392; x_wconf 87' lang='lat' dir='ltr'><strong>mora</strong></span> <span class='ocrx_word' id='word_1_260' title='bbox 1367 2356 1412 2392; x_wconf 90' lang='lat' dir='ltr'><strong>et</strong></span> <span class='ocrx_word' id='word_1_261' title='bbox 1450 2350 1509 2391; x_wconf 91' lang='lat' dir='ltr'><strong>ab</strong></span> <span class='ocrx_word' id='word_1_262' title='bbox 1543 2350 1662 2391; x_wconf 88' lang='lat' dir='ltr'><strong>omni</strong></span> <span class='ocrx_word' id='word_1_263' title='bbox 1704 2350 1982 2395; x_wconf 87' lang='lat' dir='ltr'><strong>exhibicione</strong></span> <span class='ocrx_word' id='word_1_264' title='bbox 2020 2354 2065 2395; x_wconf 89' lang='lat' dir='ltr'><strong>in</strong></span> <span class='ocrx_word' id='word_1_265' title='bbox 2106 2355 2261 2396; x_wconf 89' lang='lat' dir='ltr'><strong>eodem</strong></span> 
     </span>
     <span class='ocr_line' id='line_1_27' title="bbox 463 2428 1611 2479; baseline -0.001 -7"><span class='ocrx_word' id='word_1_266' title='bbox 463 2430 575 2473; x_wconf 93' lang='lat' dir='ltr'><strong>loco.</strong></span> <span class='ocrx_word' id='word_1_267' title='bbox 637 2430 856 2472; x_wconf 89' lang='lat' dir='ltr'><strong>Dominus</strong></span> <span class='ocrx_word' id='word_1_268' title='bbox 883 2428 999 2470; x_wconf 89' lang='lat' dir='ltr'><strong>enim</strong></span> <span class='ocrx_word' id='word_1_269' title='bbox 1029 2428 1145 2471; x_wconf 89' lang='lat' dir='ltr'><strong>dixit</strong></span> <span class='ocrx_word' id='word_1_270' title='bbox 1176 2430 1275 2471; x_wconf 90' lang='lat' dir='ltr'><strong>filiis</strong></span> <span class='ocrx_word' id='word_1_271' title='bbox 1306 2429 1499 2479; x_wconf 90' lang='lat' dir='ltr'><strong>Zebidei,</strong></span> <span class='ocrx_word' id='word_1_272' title='bbox 1531 2435 1611 2472; x_wconf 88' lang='lat' dir='ltr'><strong>etc.</strong></span> 
     </span>
    </p>

    <p class='ocr_par' dir='ltr' id='par_1_4' title="bbox 462 2509 2262 2887">
     <span class='ocr_line' id='line_1_28' title="bbox 581 2509 2261 2564; baseline 0.004 -14"><span class='ocrx_word' id='word_1_273' title='bbox 581 2517 626 2561; x_wconf 86' lang='lat' dir='ltr'><strong>[p.</strong></span> <span class='ocrx_word' id='word_1_274' title='bbox 654 2517 743 2559; x_wconf 73' lang='lat'>186]</span> <span class='ocrx_word' id='word_1_275' title='bbox 811 2509 929 2552; x_wconf 92' lang='lat' dir='ltr'><strong>Vide</strong></span> <span class='ocrx_word' id='word_1_276' title='bbox 962 2509 1077 2552; x_wconf 91' lang='lat' dir='ltr'><strong>hanc</strong></span> <span class='ocrx_word' id='word_1_277' title='bbox 1113 2511 1342 2552; x_wconf 86' lang='lat' dir='ltr'><strong>materiam</strong></span> <span class='ocrx_word' id='word_1_278' title='bbox 1377 2510 1490 2551; x_wconf 91' lang='lat' dir='ltr'><strong>bene</strong></span> <span class='ocrx_word' id='word_1_279' title='bbox 1529 2517 1840 2564; x_wconf 85' lang='lat' dir='ltr'><strong>pertractatam</strong></span> <span class='ocrx_word' id='word_1_280' title='bbox 1881 2513 1925 2555; x_wconf 91' lang='lat' dir='ltr'><strong>in</strong></span> <span class='ocrx_word' id='word_1_281' title='bbox 1961 2513 2072 2556; x_wconf 90' lang='lat' dir='ltr'><strong>libro</strong></span> <span class='ocrx_word' id='word_1_282' title='bbox 2109 2514 2261 2557; x_wconf 91' lang='lat' dir='ltr'><strong>Sancti</strong></span> 
     </span>
     <span class='ocr_line' id='line_1_29' title="bbox 465 2590 2262 2646; baseline 0.003 -14"><span class='ocrx_word' id='word_1_283' title='bbox 465 2591 676 2634; x_wconf 90' lang='lat' dir='ltr'><strong>Bernardi</strong></span> <span class='ocrx_word' id='word_1_284' title='bbox 713 2592 784 2632; x_wconf 92' lang='lat' dir='ltr'><strong>De</strong></span> <span class='ocrx_word' id='word_1_285' title='bbox 818 2590 1149 2644; x_wconf 88' lang='lat' dir='ltr'><strong>dispensacione</strong></span> <span class='ocrx_word' id='word_1_286' title='bbox 1186 2597 1231 2633; x_wconf 92' lang='lat' dir='ltr'><strong>et</strong></span> <span class='ocrx_word' id='word_1_287' title='bbox 1265 2596 1499 2646; x_wconf 85' lang='lat' dir='ltr'><strong>praeceptO,</strong></span> <span class='ocrx_word' id='word_1_288' title='bbox 1531 2596 1576 2632; x_wconf 86' lang='lat' dir='ltr'><strong>et</strong></span> <span class='ocrx_word' id='word_1_289' title='bbox 1617 2591 1717 2633; x_wconf 90' lang='lat' dir='ltr'><strong>vide</strong></span> <span class='ocrx_word' id='word_1_290' title='bbox 1758 2593 1802 2634; x_wconf 90' lang='lat' dir='ltr'><strong>in</strong></span> <span class='ocrx_word' id='word_1_291' title='bbox 1842 2593 1953 2635; x_wconf 90' lang='lat' dir='ltr'><strong>libro</strong></span> <span class='ocrx_word' id='word_1_292' title='bbox 1985 2594 2058 2636; x_wconf 92' lang='lat' dir='ltr'><strong>De</strong></span> <span class='ocrx_word' id='word_1_293' title='bbox 2096 2595 2262 2637; x_wconf 89' lang='lat' dir='ltr'><strong>naturis</strong></span> 
     </span>
     <span class='ocr_line' id='line_1_30' title="bbox 463 2670 2260 2726; baseline 0.001 -12"><span class='ocrx_word' id='word_1_294' title='bbox 463 2671 778 2726; x_wconf 90' lang='lat' dir='ltr'><strong>apostolorum,</strong></span> <span class='ocrx_word' id='word_1_295' title='bbox 809 2671 884 2712; x_wconf 92' lang='lat' dir='ltr'><strong>ubi</strong></span> <span class='ocrx_word' id='word_1_296' title='bbox 917 2675 1041 2725; x_wconf 88' lang='lat' dir='ltr'><strong>patet</strong></span> <span class='ocrx_word' id='word_1_297' title='bbox 1082 2671 1202 2724; x_wconf 94' lang='lat' dir='ltr'><strong>quod</strong></span> <span class='ocrx_word' id='word_1_298' title='bbox 1234 2670 1444 2713; x_wconf 89' lang='lat' dir='ltr'><strong>Nicolaus</strong></span> <span class='ocrx_word' id='word_1_299' title='bbox 1484 2683 1601 2725; x_wconf 86' lang='lat' dir='ltr'><strong>papa</strong></span> <span class='ocrx_word' id='word_1_300' title='bbox 1640 2672 1766 2724; x_wconf 89' lang='lat' dir='ltr'><strong>dixit,</strong></span> <span class='ocrx_word' id='word_1_301' title='bbox 1802 2678 1811 2696; x_wconf 97' lang='lat'>‘</span> <span class='ocrx_word' id='word_1_302' title='bbox 1831 2673 2019 2716; x_wconf 89' lang='lat' dir='ltr'><strong>Securus</strong></span> <span class='ocrx_word' id='word_1_303' title='bbox 2059 2681 2127 2717; x_wconf 90' lang='lat' dir='ltr'><strong>est</strong></span> <span class='ocrx_word' id='word_1_304' title='bbox 2161 2687 2260 2717; x_wconf 92' lang='lat' dir='ltr'><strong>cum</strong></span> 
     </span>
     <span class='ocr_line' id='line_1_31' title="bbox 462 2750 2261 2807; baseline 0.002 -14"><span class='ocrx_word' id='word_1_305' title='bbox 462 2766 554 2805; x_wconf 90' lang='lat' dir='ltr'><strong>quo</strong></span> <span class='ocrx_word' id='word_1_306' title='bbox 584 2766 701 2807; x_wconf 89' lang='lat' dir='ltr'><strong>papa</strong></span> <span class='ocrx_word' id='word_1_307' title='bbox 736 2752 976 2807; x_wconf 91' lang='lat' dir='ltr'><strong>dispensat,</strong></span> <span class='ocrx_word' id='word_1_308' title='bbox 1007 2757 1057 2792; x_wconf 90' lang='lat' dir='ltr'><strong>ut</strong></span> <span class='ocrx_word' id='word_1_309' title='bbox 1096 2765 1184 2792; x_wconf 93' lang='lat' dir='ltr'><strong>non</strong></span> <span class='ocrx_word' id='word_1_310' title='bbox 1213 2757 1402 2793; x_wconf 86' lang='lat' dir='ltr'><strong>vexetur</strong></span> <span class='ocrx_word' id='word_1_311' title='bbox 1430 2750 1475 2792; x_wconf 90' lang='lat' dir='ltr'><strong>in</strong></span> <span class='ocrx_word' id='word_1_312' title='bbox 1502 2750 1598 2804; x_wconf 88' lang='lat' dir='ltr'><strong>jure</strong></span> <span class='ocrx_word' id='word_1_313' title='bbox 1637 2752 1731 2803; x_wconf 86' lang='lat' dir='ltr'><strong>fori,</strong></span> <span class='ocrx_word' id='word_1_314' title='bbox 1763 2754 1841 2796; x_wconf 90' lang='lat' dir='ltr'><strong>sed</strong></span> <span class='ocrx_word' id='word_1_315' title='bbox 1873 2768 1962 2796; x_wconf 90' lang='lat' dir='ltr'><strong>non</strong></span> <span class='ocrx_word' id='word_1_316' title='bbox 1992 2759 2059 2796; x_wconf 91' lang='lat' dir='ltr'><strong>est</strong></span> <span class='ocrx_word' id='word_1_317' title='bbox 2090 2768 2148 2796; x_wconf 91' lang='lat' dir='ltr'><strong>ex</strong></span> <span class='ocrx_word' id='word_1_318' title='bbox 2177 2754 2261 2796; x_wconf 93' lang='lat' dir='ltr'><strong>hoc</strong></span> 
     </span>
     <span class='ocr_line' id='line_1_32' title="bbox 468 2831 2261 2887; baseline 0.002 -16"><span class='ocrx_word' id='word_1_319' title='bbox 468 2845 643 2874; x_wconf 86' lang='lat' dir='ltr'><strong>securus</strong></span> <span class='ocrx_word' id='word_1_320' title='bbox 678 2833 722 2874; x_wconf 90' lang='lat' dir='ltr'><strong>in</strong></span> <span class='ocrx_word' id='word_1_321' title='bbox 752 2832 851 2887; x_wconf 90' lang='lat' dir='ltr'><strong>jure</strong></span> <span class='ocrx_word' id='word_1_322' title='bbox 889 2831 991 2886; x_wconf 90' lang='lat' dir='ltr'><strong>poli,</strong></span> <span class='ocrx_word' id='word_1_323' title='bbox 1025 2845 1171 2874; x_wconf 89' lang='lat' dir='ltr'><strong>coram</strong></span> <span class='ocrx_word' id='word_1_324' title='bbox 1201 2831 1311 2883; x_wconf 90' lang='lat' dir='ltr'><strong>Deo,</strong></span> <span class='ocrx_word' id='word_1_325' title='bbox 1345 2831 1418 2884; x_wconf 88' lang='lat' dir='ltr'><strong>qui</strong></span> <span class='ocrx_word' id='word_1_326' title='bbox 1456 2844 1543 2873; x_wconf 90' lang='lat' dir='ltr'><strong>non</strong></span> <span class='ocrx_word' id='word_1_327' title='bbox 1573 2831 1683 2875; x_wconf 87' lang='lat' dir='ltr'><strong>fallit</strong></span> <span class='ocrx_word' id='word_1_328' title='bbox 1715 2847 1796 2876; x_wconf 92' lang='lat' dir='ltr'><strong>nec</strong></span> <span class='ocrx_word' id='word_1_329' title='bbox 1826 2833 1999 2886; x_wconf 88' lang='lat' dir='ltr'><strong>fallitur,</strong></span> <span class='ocrx_word' id='word_1_330' title='bbox 2034 2833 2144 2877; x_wconf 91' lang='lat' dir='ltr'><strong>sicut</strong></span> <span class='ocrx_word' id='word_1_331' title='bbox 2178 2846 2261 2887; x_wconf 87' lang='lat' dir='ltr'><strong>ego</strong></span> 
     </span>
    </p>
   </div>
  </div>
 </body>
</html>
