2456 3210
695 326 828 363 LOCI
860 326 900 361 E
936 325 1104 361 LIBRO
1150 323 1351 360 VERITA
1362 324 1495 360 TUM.
1921 330 2003 371 209

197 474 450 530 Augustini,
486 473 639 516 Sancti
674 486 805 527 papae
842 471 1053 527 Gregorii,
1091 476 1137 513 et
1170 470 1356 512 aliorum
1392 477 1643 513 sanctorum
1675 476 1720 512 et
1755 470 2001 519 doctorum,

198 555 388 597 innitens
419 569 510 596 suae
541 554 729 609 propriae
757 551 1015 601 invencioni,
1047 556 1093 593 et
1117 551 1350 593 assercioni
1384 552 1546 606 ingenii
1577 551 1642 593 sui
1674 550 1849 606 proprii,
1880 550 2001 604 quod

198 637 423 691 proprium
460 642 528 677 est
567 634 752 689 paganis
790 640 837 675 et
869 632 1104 684 haereticis,
1135 638 1251 674 teste
1287 633 1565 675 sanctissimo
1604 632 1830 686 Jeronimo
1870 644 2003 686 super

199 715 330 759 Oseae
363 715 659 771 propheciam,
690 718 803 768 cap0.
834 712 942 767 vij⁰;
982 718 1028 755 et
1056 712 1154 754 haec
1187 712 1316 754 scribi
1352 714 1397 754 in
1437 712 1522 754 hoc
1563 712 1687 762 libro,
1721 726 1798 754 seu
1839 711 2002 765 scripto

199 810 311 845 meo,
349 796 421 838 De
458 794 726 845 veritatibus,
760 794 957 836 collectis
991 807 1050 835 ex
1086 793 1298 848 scriptura
1330 806 1465 843 sacra,
1503 799 1547 835 et
1569 807 1629 834 ex
1664 793 1836 848 scriptis
1877 805 2002 833 sanc-

197 882 344 918 torum
379 882 425 919 et
459 877 700 926 doctorum,
730 874 922 928 judicavi
964 887 1060 915 esse
1101 873 1209 915 utile
1248 874 1472 915 memoriae
1511 874 1755 915 futurorum
1792 873 2002 922 virorum,

199 970 284 1011 ego
315 957 446 999 miser
475 955 676 997 Thomas
710 953 970 1008 Gascoigne‚
1001 959 1185 996 vocatus
1221 954 1378 996 doctor
1405 953 1676 1008 Theologiae‚
1710 953 2002 996 Eboracensis

197 1037 399 1079 diocesis.
459 1036 573 1091 Quae
592 1035 709 1078 racio
729 1035 908 1076 inventa
928 1040 997 1077 est
1021 1034 1079 1076 ab
1104 1034 1190 1080 isto
1216 1034 1424 1090 episcopo
1447 1035 1699 1090 Reginaldo
1721 1034 1878 1085 Pecok,
1900 1047 2002 1088 quae

198 1116 327 1160 latuit
346 1118 510 1159 sanctis
530 1116 727 1171 patribus
739 1115 760 1156 ?
803 1115 928 1157 Sicut
948 1114 1104 1169 quaerit
1123 1129 1151 1156 a
1171 1115 1382 1169 magistro
1404 1116 1535 1157 Petro
1555 1114 1798 1166 Abelardo‚
1819 1115 2003 1168 antiquo

198 1199 422 1252 magistro,
454 1196 626 1239 novello
654 1195 877 1250 subtilogo
908 1195 1150 1246 Parisiensi‚
1171 1202 1348 1238 sanctus
1379 1203 1505 1250 pater
1534 1196 1782 1238 Bernardus
1813 1196 1856 1237 in
1887 1195 2002 1249 epis-

198 1278 291 1320 tola
321 1278 379 1319 ad
411 1278 557 1332 ipsum
588 1276 767 1318 Petrum
802 1275 1093 1325 Abelardum,
1126 1276 1201 1330 qui
1236 1276 1385 1330 posuit
1418 1277 1538 1330 quod
1571 1276 1644 1317 ille
1679 1277 1767 1318 cito
1802 1283 1848 1318 et
1885 1275 2003 1318 male

197 1358 348 1408 credit,
370 1358 457 1412 qui,
477 1357 572 1419 sine
597 1357 764 1398 ratione
794 1355 982 1398 naturali
1012 1355 1167 1410 prima,
1187 1356 1327 1398 credit
1350 1357 1471 1410 quod
1502 1356 1662 1398 falsum
1692 1371 1788 1398 esse
1817 1362 2004 1398 testatur

200 1437 389 1480 Sanctus
423 1437 670 1479 Bernardus
705 1437 749 1478 in
782 1436 987 1490 operibus
1021 1436 1112 1477 suis
1148 1442 1301 1478 contra
1335 1436 1480 1490 ipsum
1522 1437 1783 1492 magistrum
1820 1437 2000 1479 Petrum

198 1518 488 1561 Abelardum.
548 1518 679 1560 Heu!
715 1517 828 1559 heu!
869 1517 988 1571 quod
1022 1531 1134 1558 unus
1170 1516 1367 1559 novellus
1403 1518 1636 1571 episcopus
1673 1517 1839 1560 diceret
1879 1518 1999 1571 quod

197 1599 387 1653 apostoli
417 1599 525 1653 Jesu
558 1599 639 1641 Xti
679 1611 769 1639 non
798 1597 995 1639 fecerunt
1026 1596 1266 1638 simbolum
1301 1611 1547 1647 commune,
1585 1603 1792 1639 vocatum
1825 1597 2001 1640 Simbo-

198 1678 291 1720 lum
314 1678 649 1733 Apostolorum.
712 1677 902 1720 Sanctus
929 1676 1185 1726 Atanasius,
1214 1676 1548 1719 Alexandrinus
1580 1671 1823 1732 episcopus,
1848 1683 2002 1720 contra

199 1757 422 1810 Attianos,
459 1759 655 1810 Fotinos,
685 1765 730 1799 et
762 1757 1050 1807 sabellianos,
1092 1770 1240 1798 coram
1284 1757 1423 1811 probo
1458 1757 1609 1811 judice
1651 1764 1840 1800 testatur
1879 1759 2000 1813 quod

203 1850 255 1881 12
287 1839 476 1894 apostoli
511 1839 617 1892 Jesu
654 1838 734 1880 Xti
766 1838 947 1879 Domini
989 1838 1127 1878 nostri
1167 1836 1362 1879 fecerunt
1402 1837 1510 1880 illud
1551 1838 1808 1880 cimbolum.
1871 1839 2000 1880 Idem

199 1924 388 1960 testatur
423 1919 612 1962 Sanctus
648 1919 743 1960 Leo
781 1932 909 1972 papa,
946 1919 989 1958 in
1024 1918 1135 1959 libro
1169 1917 1469 1972 Epistolarum
1505 1932 1692 1968 suarum,
1731 1920 1774 1960 in
1815 1919 2001 1973 epistola

200 2012 280 2039 sua
320 1999 453 2040 missa
494 2001 551 2041 ad
593 1999 868 2041 Pulcheriam
908 1998 1175 2052 Augustam.
1257 1998 1383 2040 Idem
1430 2004 1620 2041 testatur
1658 2001 1775 2041 idem
1822 2004 2000 2041 sanctus

201 2091 319 2132 papa
348 2077 443 2119 Leo
476 2080 520 2120 in
550 2079 736 2133 epistola
765 2079 823 2120 ad
855 2078 1132 2119 Flamianum
1169 2079 1425 2133 episcopum
1457 2078 1864 2134 Constantinopolis
1897 2079 1999 2120 civi-

201 2158 317 2208 tatis,
354 2158 477 2212 cujus
519 2160 716 2214 epistolae
755 2160 902 2208 verba,
944 2173 1001 2201 sc.
1033 2162 1042 2179 ‘
1060 2158 1109 2200 Si
1144 2159 1241 2212 quis
1282 2160 1608 2212 contradixerit,
1638 2160 1875 2202 anathema
1914 2156 1999 2208 sit‚'

202 2238 346 2292 inquit
374 2238 599 2281 decretum
629 2240 882 2282 universalis
910 2239 1104 2281 ecclesiae
1132 2239 1214 2280 sub
1246 2238 1423 2282 Gelasio
1451 2255 1582 2295 papa,
1604 2247 1648 2282 et
1677 2241 1781 2281 illud
1810 2240 1998 2281 habetur

209 2325 259 2370 15
294 2318 577 2361 distinccione
611 2326 764 2362 sancta
799 2321 1003 2362 Romana
1039 2319 1233 2361 ecclesia.
1308 2320 1437 2370 Item,
1473 2328 1650 2363 sanctus
1685 2321 1840 2362 doctor
1873 2319 1998 2372 Jero-

204 2398 358 2448 nimus,
379 2398 424 2439 in
454 2397 563 2440 libro
592 2413 673 2441 suo
701 2401 759 2442 ad
787 2399 1079 2442 Laurencium
1110 2397 1262 2454 (quern
1292 2398 1451 2441 libmm
1482 2400 1695 2443 Sanctum
1721 2399 1996 2452 Jeronimum

203 2476 358 2519 fecisse
397 2477 546 2520 scribit
582 2478 737 2522 doctor
774 2480 999 2533 Johannes
1036 2478 1219 2520 Audree
1258 2479 1302 2520 in
1343 2493 1423 2522 suo
1461 2480 1771 2534 Jerominiano,
1823 2480 1849 2519 i.
1871 2492 1909 2520 e.
1951 2480 1995 2519 in

204 2556 316 2598 libro
346 2570 426 2598 suo
446 2557 518 2598 De
546 2557 748 2600 laudibus
779 2560 1040 2602 sanctissimi
1070 2558 1312 2615 jeronimi),
1332 2565 1520 2602 testatur
1555 2571 1603 2601 12
1635 2558 1859 2613 apostolos
1892 2559 1996 2599 sim·

203 2636 357 2678 bolum
380 2635 486 2677 illud
517 2636 706 2679 edidisse
734 2646 836 2692 post
863 2641 1102 2682 adventum
1135 2639 1323 2693 Spiritus
1353 2639 1505 2682 Sancti
1536 2641 1579 2680 in
1608 2653 1683 2680 eos
1713 2639 1758 2679 in
1788 2639 1860 2680 die
1885 2638 1996 2679 Pen-

204 2722 405 2767 tecosteS‚
435 2722 480 2758 et
508 2715 701 2759 fecerunt
730 2717 837 2760 illud
863 2726 1101 2775 antequam
1134 2719 1378 2762 abinvicem
1412 2719 1602 2774 separati
1639 2723 1777 2767 erant,
1805 2723 1854 2759 ut
1884 2718 1996 2760 irent

205 2796 265 2838 ad
294 2795 622 2849 praedicandum
653 2796 698 2837 in
726 2797 845 2840 orbe.
906 2799 999 2841 Iste
1028 2800 1270 2853 episcopus,
1301 2800 1346 2841 in
1379 2800 1490 2841 libro
1526 2812 1604 2840 suo
1637 2798 1708 2838 De
1742 2797 1841 2848 fide,
1870 2803 1996 2852 parte

206 2875 359 2930 prima,
390 2879 473 2918 ca0.
506 2874 585 2929 iij⁰‚
619 2876 725 2919 dicit
755 2878 874 2931 quod
906 2880 951 2920 in
985 2880 1114 2921 dictis
1150 2878 1346 2934 Gregorii
1381 2885 1483 2921 sunt
1518 2877 1675 2919 diversi
1710 2876 1918 2929 defectus,
1950 2884 1996 2920 et

1061 2958 1090 2989 E
1112 2963 1137 2990 e
