2456 3210
705 336 835 372 LOCI
870 335 908 370 E
947 334 1111 370 LIBRO
1157 332 1502 368 VERITATUAI.
1927 338 2006 382 157

211 478 411 520 Bononia
442 479 601 522 Crassa
633 478 839 529 existens,
870 477 1104 520 concilium
1137 475 1379 518 universale
1410 475 1548 517 totius
1583 475 1778 517 ecclesiae
1813 476 1871 518 ad
1907 476 2011 518 civi-

210 565 350 601 tatem
387 559 780 602 Constanciensem
812 558 1012 609 Sweniae‚
1050 571 1151 612 quae
1190 563 1259 599 est
1296 557 1343 598 in
1382 556 1607 611 provincia
1646 556 1922 611 Magunfina,
1952 558 2011 599 de

211 639 395 681 consilio
424 639 607 681 fratrum
627 652 804 681 suorum
831 637 1121 680 cardinalium
1145 637 1414 686 convocavit,
1436 651 1525 691 quo
1545 637 1731 678 concilio
1754 643 2009 689 convocato,

212 726 259 761 et
287 719 491 772 Johanne
525 719 570 761 in
602 719 678 761 illo
714 718 899 762 concilio
934 718 1137 772 deposito
1166 731 1247 772 per
1280 717 1525 766 concilium,
1556 716 1638 759 fuit
1670 718 1875 759 dominus
1907 718 2010 760 Odo

213 799 379 841 electus
407 800 452 840 in
482 813 659 854 papam,
682 805 728 841 et
755 799 998 840 vocabatur
1017 798 1235 839 Martinus
1265 798 1458 851 quintus.
1502 796 1627 839 Ordo
1655 798 1772 839 enim
1792 812 2010 852 paparum

214 879 520 921 Romanorum
559 886 663 934 post
703 879 936 922 Urbanum
969 878 1044 932 vjm
1083 884 1152 920 est
1190 878 1286 928 iste,
1328 878 1579 920 Bonifacius
1609 879 1684 930 ix⁸,
1722 879 2011 922 Innocencius

213 958 301 1013 vij⁸‚
354 959 591 1015 Gregorius
644 959 736 1014 xij·,
781 959 1046 1001 Alexander
1094 959 1285 1014 quintus,
1333 959 1559 1013 Johannes
1612 971 1677 1014 23,
1731 960 1775 1001 in
1825 961 2011 1003 concilio

213 1040 407 1094 generali
443 1040 721 1082 Constanciae
756 1040 995 1094 depositus,
1028 1039 1247 1081 Martinus
1286 1040 1479 1094 quintus,
1517 1041 1743 1095 Eugenius
1771 1041 1895 1094 iiij‘uffi
1929 1042 2012 1083 Ni-

213 1115 395 1162 cholaus
434 1121 624 1175 quintus,
658 1120 734 1175 qui
773 1120 856 1162 fuit
896 1121 1053 1162 doctor
1091 1133 1226 1162 sacrae
1256 1119 1515 1175 Theologiae
1551 1128 1596 1163 et
1628 1121 1873 1163 vocabatur
1905 1128 2012 1163 ante

215 1206 428 1255 papatum
467 1200 664 1242 Thomas
707 1201 765 1242 de
806 1200 1070 1254 Sayrasano‚
1117 1201 1174 1242 de
1219 1201 1438 1242 territorio
1477 1201 1778 1254 Jannensium,
1825 1215 2012 1256 magnus

217 1280 378 1322 Romae
411 1280 662 1332 aedificator,
693 1281 763 1323 cui
793 1280 1003 1323 successit
1036 1280 1229 1323 Calistus
1260 1287 1314 1335 3⁸,
1349 1295 1483 1335 quem
1515 1281 1706 1323 Romani
1734 1289 1895 1324 vocant
1927 1282 2012 1324 Ca-

216 1360 379 1411 listum,
411 1366 457 1402 et
487 1360 717 1403 Teutonici
746 1367 908 1403 vocant
944 1374 1045 1402 eum
1075 1359 1318 1403 Calixtum.
1379 1361 1586 1404 Clemens
1616 1369 1767 1403 autem
1798 1363 2014 1416 septimus

218 1440 384 1482 electus
432 1440 547 1482 male
586 1441 632 1482 in
674 1455 838 1495 papam
877 1447 1077 1494 tempore
1118 1440 1291 1483 Urbani
1329 1442 1461 1492 sexti,
1505 1448 1551 1483 et
1600 1442 1741 1484 eciam
1790 1456 2015 1484 successor

218 1520 324 1574 ejus,
359 1521 514 1563 Petrus
547 1521 605 1563 de
639 1521 780 1572 Luna,
808 1528 990 1563 vocatus
1021 1521 1287 1562 Benedictus
1322 1521 1414 1575 xiij,
1451 1522 1627 1563 fuerunt
1660 1523 1894 1578 antipapae,
1932 1523 1957 1565 i.
1974 1537 2012 1565 e.

217 1601 421 1642 contrarii
449 1615 554 1643 vero
582 1615 711 1655 papae
748 1602 967 1643 Romano.
1027 1601 1149 1643 Nota
1182 1615 1263 1655 pro
1293 1602 1478 1643 veritate
1512 1603 1818 1655 praedictorem
1852 1603 2014 1645 librum

218 1682 291 1723 De
311 1680 460 1724 Gestis
489 1682 535 1723 in
562 1682 758 1736 generali
788 1681 972 1724 concilio
995 1680 1339 1731 Constanciensi,
1362 1689 1407 1724 et
1437 1690 1505 1725 est
1530 1683 1734 1733 Oxoniae‚
1758 1685 1802 1725 in
1827 1684 2014 1739 collegio

219 1761 466 1812 Dunelmae‚
497 1776 556 1803 ex
585 1762 704 1804 dono
734 1762 931 1816 magistri
963 1761 1148 1803 Roberti
1180 1762 1359 1814 Burton‚
1381 1763 1456 1817 qui
1491 1763 1573 1805 fuit
1606 1778 1798 1818 praesens
1833 1765 1878 1806 in
1911 1779 2014 1806 con-

201 1825 319 1882 ‘cilio
346 1841 538 1896 generali
570 1841 916 1884 Constanciensi.

335 1926 385 1970 [p.
414 1927 501 1970 171.]
561 1921 637 1964 Sic
671 1936 820 1964 revera
851 1922 958 1976 jam,
997 1935 1114 1963 anno
1150 1921 1332 1963 Domini
1364 1931 1485 1975 1447,
1525 1929 1592 1965 est
1626 1923 1769 1966 bonus
1804 1939 1932 1979 papa,
1970 1932 2015 1966 et

221 2006 354 2054 caput
393 2000 507 2051 cleri,
548 2001 793 2044 Nicholaus
832 2003 1022 2057 quintus,
1062 2002 1218 2043 doctor
1256 2016 1390 2044 sacrae
1426 2003 1695 2059 Theologiae,
1738 2005 1928 2054 Italicus,
1970 2012 2016 2047 et

220 2080 426 2122 secularis
458 2080 625 2134 habitu,
658 2090 704 2125 et
736 2083 811 2125 diu
845 2082 1029 2124 ecclesia
1062 2095 1111 2124 se
1146 2084 1375 2125 excusavit
1408 2085 1465 2126 de
1497 2085 1625 2126 malis
1654 2091 1836 2139 propter
1869 2084 2014 2126 defec-

221 2166 318 2201 tum
357 2160 462 2202 boni
501 2163 656 2217 capitis
695 2164 741 2204 in
781 2163 900 2205 curia
942 2163 1159 2203 Romana.
1232 2162 1283 2204 Si
1318 2177 1422 2218 ergo
1448 2164 1543 2218 Jam
1578 2179 1667 2206 non
1708 2165 1786 2206 fiat
1825 2165 2015 2218 plurium

223 2240 437 2282 malorum
467 2241 727 2295 reformatio,
761 2250 893 2298 putas
932 2243 1110 2297 quando
1139 2243 1298 2295 veniet,
1328 2245 1389 2286 ‘si
1420 2245 1464 2287 in
1493 2246 1618 2287 viridi
1649 2243 1787 2299 ligno'
1818 2258 1906 2286 non
1937 2244 2016 2286 fiat

223 2321 400 2371 fructus,
428 2322 676 2374 ‘quomodo
705 2324 750 2365 in
773 2324 898 2365 arido
927 2321 1053 2365 fiet?’
1089 2329 1134 2365 et
1165 2323 1288 2365 illum
1318 2338 1481 2379 papam
1514 2326 1779 2368 Nicholaum
1811 2325 2015 2378 quintum

225 2400 327 2442 novi
367 2406 588 2442 mortuum
618 2402 777 2445 Romae
816 2419 876 2446 ex
916 2404 1130 2446 relacione
1170 2403 1314 2455 fuisse,
1343 2405 1439 2447 sine
1476 2406 1787 2448 reformatione
1820 2404 2016 2446 ecclesiae

225 2486 271 2522 et
299 2480 467 2533 absque
495 2481 802 2526 reformatione
831 2485 960 2527 curiae
983 2485 1214 2526 Romanae.
1277 2484 1482 2527 Creditur
1507 2487 1624 2528 enim
1648 2500 1727 2540 pro
1747 2499 1865 2533 vero,
1895 2485 2015 2538 quod

225 2559 264 2602 si
303 2559 460 2613 aliquis
505 2574 622 2615 papa
658 2563 846 2607 voluerit
885 2564 1033 2606 delere
1071 2564 1157 2616 illa,
1196 2578 1255 2606 ex
1293 2565 1453 2619 quibus
1491 2567 1687 2620 sequitur
1725 2565 1931 2618 voluptas
1970 2566 2015 2605 in

228 2640 346 2682 curia
378 2639 594 2692 Romana,
631 2647 677 2684 et
706 2642 1015 2697 habundancia
1049 2645 1344 2699 pecuniarum,
1374 2651 1481 2688 tunc
1516 2660 1632 2700 papa
1661 2659 1740 2699 per
1772 2644 1855 2685 sibi
1886 2645 2017 2685 assis-

227 2725 373 2761 tentes
405 2720 486 2761 erit
521 2721 690 2774 private
719 2722 997 2776 intoxicatus,
1031 2725 1101 2767 vel
1136 2724 1312 2778 publice
1349 2726 1615 2774 interfectus,
1644 2725 1714 2766 vel
1744 2738 1772 2765 a
1802 2724 1907 2765 sede
1936 2737 2017 2765 sua

230 2799 408 2854 ejectus,
439 2805 490 2841 ut
518 2799 600 2841 fuit
630 2800 854 2855 Eugenius
887 2818 1015 2859 papa,
1045 2805 1341 2859 praedecessor
1369 2806 1572 2848 Nicholai
1607 2804 1760 2858 quinti,
1790 2817 1870 2857 per
1897 2804 2017 2857 prin-

230 2879 372 2934 cipem
425 2878 647 2932 Salemiae,
696 2887 742 2923 et
789 2895 867 2936 per
915 2884 1122 2938 juvenem
1172 2886 1451 2937 cardinalem,
1490 2892 1593 2927 tunc
1646 2884 1903 2938 Prosperum
1958 2884 2017 2925 de
