2456 3210
373 178 429 230 6⁴4
873 182 1004 218 LOCI
1038 179 1078 216 E
1115 181 1281 216 LIBRO
1327 180 1671 216 VERITATUM.

372 324 559 378 plurima
584 325 700 367 mala
724 325 1054 367 occasionaliter
1079 330 1244 374 causat,
1265 324 1368 377 quia
1399 336 1487 364 non
1515 323 1701 377 impedit
1730 323 1856 372 mala,
1880 337 1960 366 nec
1988 325 2175 381 opponit

373 420 431 457 se,
462 412 512 448 ut
542 407 904 461 impedimentum
936 420 1011 447 seu
1044 418 1228 453 murum,
1261 417 1340 458 pro
1371 404 1506 445 domo
1536 404 1729 456 Domini,
1761 412 1805 448 et
1835 406 2025 460 plurima
2054 408 2174 449 bona

372 500 506 540 opera
546 488 697 529 debita
745 487 835 528 fieri
886 500 964 541 per
1013 486 1262 527 absenciam
1302 484 1407 526 boni
1457 485 1594 539 patris
1638 486 1904 528 omittuntur
1943 493 1988 529 et
2037 487 2175 542 negli-

372 573 535 620 guntur
567 574 611 608 et
643 567 851 609 oblivioni
886 567 1131 609 traduntur.
1195 565 1360 607 Sancto
1396 565 1513 607 enim
1544 565 1681 607 Paulo
1716 567 1919 621 apostolo
1952 567 2174 610 existente

373 648 492 701 apud
515 647 739 699 Galathas,
761 647 1003 689 exulabant
1033 647 1196 688 ibidem
1227 659 1388 700 magna
1413 645 1540 698 mala,
1562 652 1606 687 et
1633 646 1952 690 habundabant
1976 648 2173 698 virtutes,

374 728 520 768 studia
560 742 694 769 sacrae
734 729 975 782 scripturae,
1017 741 1150 782 opera
1190 727 1402 768 doctrinae
1443 733 1488 768 et
1530 714 1702 780 magnae
1744 726 1996 770 elemosinae
2041 729 2175 770 servis

375 809 459 849 Dei
492 808 687 851 collectae
715 809 759 850 in
791 809 1075 851 necessitates
1104 807 1362 849 relevandas
1394 812 1440 849 et
1470 807 1515 848 in
1545 807 1781 861 scripturas
1812 809 2092 861 scribendas3
2130 815 2176 852 et

374 891 417 929 in
468 890 672 931 absencia
722 889 873 931 Sancti
926 889 1048 931 Pauli
1098 889 1314 930 contraria
1364 888 1560 955 omnium
1600 887 1757 929 horum
1797 890 2012 931 bonorum
2062 891 2176 932 inter

376 968 587 1011 Galathas
628 969 958 1020 habundabant,
999 975 1043 1010 et
1086 975 1236 1010 tamen
1287 968 1407 1009 nulla
1457 949 1587 1022 culpa
1611 968 1712 1025 'fuit
1762 970 1806 1010 in
1847 970 1922 1012 illa
1970 970 2176 1012 absencia

376 1050 497 1090 Pauli
533 1050 807 1100 sanctissimi,
843 1051 947 1104 quia
983 1063 1041 1091 ex
1077 1049 1260 1102 imperio
1298 1049 1383 1090 Dei
1419 1048 1577 1090 absens
1614 1049 1706 1101 fuit,
1736 1064 1896 1092 vacans
1935 1064 2050 1092 curae
2087 1051 2174 1104 spi-

373 1131 517 1171 rituali
562 1132 703 1172 tocius
745 1130 967 1182 Ecclesiae,
1007 1130 1051 1170 in
1100 1129 1315 1178 instancia
1363 1129 1584 1171 cotidiana
1634 1131 1832 1172 omniurn
1883 1131 2174 1173 ecclesiarum.

375 1210 492 1251 Item
539 1224 624 1252 non
670 1212 866 1264 peccavit
909 1212 952 1251 in
995 1210 1069 1251 illa
1117 1210 1335 1261 absencia,
1367 1210 1471 1264 quia
1510 1223 1598 1251 non
1639 1210 1784 1252 solum
1824 1211 1906 1253 fuit
1945 1212 2106 1253 absens
2149 1225 2176 1253 a

376 1289 575 1332 Galathis
604 1298 663 1342 ut,
686 1305 743 1332 ex
776 1292 986 1332 mandato
1017 1291 1208 1339 Domini,
1230 1290 1327 1332 aliis
1358 1290 1607 1344 regionibus
1636 1291 1906 1344 praedicaret,
1932 1292 2009 1334 sed
2041 1292 2175 1334 etiam

375 1370 562 1412 instituit
598 1371 711 1412 inter
746 1371 961 1413 Galathas
1001 1377 1188 1419 curatos,
1225 1371 1300 1425 qui
1342 1384 1456 1412 curae
1496 1370 1558 1411 illi
1599 1384 1774 1426 semper
1812 1372 2091 1414 intenderent
2129 1372 2175 1413 in

375 1449 470 1504 ejus
509 1451 725 1502 absencia,
765 1452 840 1505 qui
883 1417 1296 1574 *lffffjeri'twcffram
1347 1450 1651 1492 immediatam
1691 1465 1822 1505 super
1861 1451 2087 1499 Galathas.
2129 1458 2176 1494 et

376 1531 470 1584 ipse
522 1530 711 1573 Sanctus
757 1532 928 1582 Paulus,
1000 1545 1192 1586 anquam
1242 1531 1473 1585 episcopus
1519 1544 1546 1572 a
1591 1531 1689 1572 Deo
1738 1532 1976 1583 institutus,
2019 1532 2176 1575 habuit

376 1624 526 1652 curam
571 1612 1003 1665 superintendenciae‚
1052 1618 1265 1666 tanquam
1309 1611 1457 1666 aquila
1505 1610 1698 1653 coelestis
1743 1612 1894 1666 procul
1943 1613 2176 1654 attendens

376 1705 477 1745 quae
508 1698 610 1733 sunt
641 1698 686 1733 et
717 1706 816 1746 quae
853 1693 1131 1734 imminerent
1162 1693 1206 1733 in
1236 1692 1440 1734 omnibus
1472 1691 1675 1743 ecclesiis,
1705 1697 1753 1733 ut
1783 1698 1969 1734 testatur
1998 1699 2176 1734 sanctus

376 1772 534 1813 doctor
565 1771 815 1824 Jeronimus
848 1773 890 1813 in
926 1772 1264 1814 Commentariis
1299 1773 1388 1814 suis
1423 1785 1553 1826 super
1589 1771 1839 1826 Epistolam
1870 1772 2022 1815 Sancti
2052 1773 2175 1814 Pauli

378 1851 587 1906 Apostoli
616 1852 673 1893 ad
708 1851 953 1904 Galathas;
995 1859 1039 1894 et
1070 1859 1235 1894 sanctae
1272 1853 1495 1894 memoriae
1527 1852 1698 1894 Doctor
1730 1852 1952 1895 Robertus
1983 1853 2173 1902 Grostet,

378 1931 696 1973 Lincolniensis
736 1932 979 1986 episcopus,
1013 1932 1056 1973 in
1098 1933 1381 1987 exposicione
1421 1946 1499 1974 sua
1539 1933 1713 1986 propria
1756 1946 1886 1987 super
1927 1933 2175 1988 Epistolam

379 2011 531 2054 Sancti
569 2011 690 2053 Pauli
727 2013 783 2054 ad
823 2011 1048 2054 Galathas.
1107 2013 1255 2066 Vigila
1291 2026 1394 2066 erga
1429 2025 1559 2066 super
1597 2025 1746 2054 curam
1786 2013 2043 2066 animarum,
2073 1965 2225 2110 quiaj

377 2092 522 2146 angeli
554 2092 639 2133 Dei
673 2092 754 2133 Xti
794 2092 1004 2134 incarnati
1046 2094 1255 2146 mysteria
1295 2092 1667 2135 annunciaverunt
1706 2094 1954 2146 pastoribus
1993 2094 2194 2148 vigilan-v

378 2173 496 2213 tibus
532 2185 663 2226 super
696 2185 876 2227 gregem
907 2186 1046 2222 suum,
1079 2173 1214 2214 Lucae
1245 2172 1323 2226 ij⁰;
1364 2185 1453 2214 non
1483 2171 1625 2213 solum
1654 2172 1896 2226 vigilabant
1931 2188 2012 2228 pro
2042 2188 2176 2229 grege

379 2253 457 2294 sed
489 2266 622 2307 super
652 2265 831 2306 gregem
862 2266 990 2294 suum
1023 2259 1260 2307 praesentes
1295 2266 1396 2294 cum
1428 2265 1574 2306 grege.
1635 2251 1820 2295 Custodi
1862 2268 1966 2309 ergo
2000 2255 2174 2297 vineam

378 2339 513 2384 tuam,
551 2333 654 2387 quia
689 2332 831 2386 qualis
867 2338 934 2374 est
969 2339 1110 2375 rector
1145 2333 1189 2374 in
1225 2332 1388 2375 civitati
1429 2331 1529 2374 talis
1568 2339 1635 2375 est
1670 2333 1836 2376 civitas.
1897 2334 1986 2377 Sed
2027 2336 2175 2377 audivi

379 2412 549 2467 aliquos
589 2413 785 2455 dicentes
825 2413 869 2454 in
909 2414 1245 2455 excusacionem
1285 2412 1352 2454 sui
1393 2413 1574 2466 peccati,
1611 2420 1661 2454 ut
1700 2421 1932 2468 peccatum
1972 2429 2062 2457 suae
2097 2416 2175 2457 ab·

381 2494 538 2535 senciae
582 2507 608 2534 a
650 2507 752 2535 cura
792 2506 880 2534 non
923 2500 1133 2546 appareat
1179 2499 1423 2548 peccatum.
1499 2492 1660 2535 Melius
1706 2501 1784 2547 est,
1825 2496 2038 2550 inquiunt,
2079 2509 2175 2537 raro

380 2573 555 2614 visitare
590 2585 770 2628 gregem
810 2586 944 2627 quam
979 2586 1078 2614 cum
1118 2587 1251 2627 grege
1283 2573 1488 2614 continue
1528 2574 1725 2626 residere,
1759 2576 1862 2629 quia
1897 2575 1932 2617 si
1970 2576 2176 2618 continue

382 2652 441 2693 ibi
470 2653 661 2695 resident
689 2659 794 2695 tunc
823 2653 958 2694 nimia
985 2653 1257 2695 familiaritas
1282 2667 1381 2694 cum
1407 2659 1558 2695 curato
1589 2655 1703 2708 parit
1731 2662 2046 2710 contemptum,
2066 2661 2111 2697 et
2138 2656 2175 2697 si

382 2745 476 2773 raro
517 2733 559 2773 in
606 2747 708 2775 cura
751 2733 891 2783 fuerit,
933 2739 1037 2775 tunc
1079 2732 1207 2774 velud
1250 2740 1487 2775 extraneus
1530 2734 1669 2788 magis
1709 2734 2005 2787 honorabitur,
2045 2742 2090 2778 et
2131 2736 2175 2776 in
