2456 3210
651 260 784 296 LOCI
818 260 859 294 E
897 259 1064 295 LIBRO
1110 258 1312 294 VERJTA
1321 259 1453 294 TUM.
1929 259 1956 300 9

154 400 355 456 Hungat,
394 417 542 445 comes
580 410 819 459 perpetuus
858 402 1194 451 Wisterciensis,
1235 415 1347 456 quas
1393 401 1542 443 literas
1591 413 1693 441 suas
1741 397 1861 439 misit
1911 396 1955 436 in

149 481 366 536 Angliam
413 497 514 524 cum
562 484 759 526 Domino
803 484 991 525 Erasmo
1039 482 1079 523 F
1080 481 1192 523 ullar
1229 483 1457 524 sacerdote
1503 481 1562 522 de
1610 478 1841 533 Hungaria
1880 476 1956 530 qui

152 561 199 602 in
231 561 308 604 illo
338 562 458 605 bello
485 570 639 606 contra
666 563 835 606 Turcos
867 564 962 615 fuit,
988 563 1133 605 occiso
1161 562 1223 604 ibi
1254 561 1388 604 fratre
1418 575 1501 603 suo
1531 559 1714 603 domino
1745 557 1956 600 Oswaldo

151 640 313 694 Fallat,
348 643 423 697 qui
458 643 540 685 fuit
579 644 716 695 miles,
751 651 797 686 et
830 645 974 686 occisa
1009 650 1117 685 tunc
1150 642 1327 684 suerunt
1358 643 1416 684 de
1452 641 1631 683 Xtianis
1677 637 1770 681 18³¹¹¹
1805 637 1955 685 millia.l

149 723 353 775 quamvis
387 737 469 765 nos
502 724 548 765 in
582 723 749 779 Anglia
782 725 1018 766 habuimus
1053 737 1250 764 rumores
1285 724 1405 777 quod
1436 722 1612 764 fuerunt
1647 721 1692 762 in
1727 719 1802 761 illo
1835 717 1955 759 bello

152 800 237 843 20ti
276 802 414 844 millia
450 803 717 846 Xtianorum
760 811 869 856 tum,
910 812 955 846 et
1000 805 1120 858 quod
1160 810 1257 845 tum
1305 816 1443 844 unum
1487 802 1610 843 mille
1656 815 1717 842 ex
1762 799 1826 841 eis
1872 797 1957 839 fuit

150 881 356 932 occisum,
378 883 455 937 qui
476 898 627 925 rumor
649 885 695 925 in
720 885 890 939 Anglia
916 898 1005 926 non
1034 884 1116 926 fuit
1140 897 1280 934 verus,
1301 883 1501 937 quamvis
1528 883 1573 923 in
1601 881 1737 922 literis
1766 879 1955 920 missivis

150 961 350 1015 scriptus,
380 970 426 1005 et
457 963 560 1018 quia
598 978 678 1006 rex
719 965 963 1019 Hungariae
1002 964 1209 1006 dominus
1247 963 1485 1006 Ladislaus
1523 963 1605 1004 fuit
1645 968 1743 1003 tum
1778 959 1954 1014 juvenis

153 1051 210 1083 20
248 1055 463 1084 annorum
504 1044 551 1084 in
588 1051 733 1093 aetate‚
774 1046 876 1086 ideo
916 1045 1154 1098 praedictus
1192 1057 1344 1086 comes
1382 1043 1589 1085 dominus
1627 1041 1855 1095 Johannes
1896 1039 1957 1079 de

154 1120 343 1176 Hungat
375 1123 458 1165 fuit
486 1124 754 1178 gubernator
781 1126 897 1180 regis
931 1132 977 1167 et
1015 1124 1140 1178 regni
1172 1124 1447 1178 Hungariae;
1493 1130 1539 1165 et
1578 1122 1791 1177 praedicta
1829 1120 1956 1160 novit

149 1199 350 1244 Thomas
397 1202 660 1258 Gascoigne‚
700 1205 990 1247 Eboracensis
1036 1204 1235 1255 diocesis,
1273 1210 1457 1246 vocatus
1499 1205 1655 1245 doctor
1693 1200 1953 1253 Theologiae

152 1279 356 1334 Oxoniae,
375 1284 451 1337 qui
479 1284 576 1327 haec
605 1286 774 1327 audivit
804 1286 849 1326 in
880 1286 1072 1346 oxonia,
1093 1291 1140 1326 et
1161 1285 1275 1327 vidit
1298 1285 1342 1325 in
1372 1284 1509 1326 literis
1537 1282 1736 1337 praedicti
1767 1281 1955 1330 comitis,

151 1361 296 1415 sigillo
333 1376 555 1406 armorum
594 1379 773 1406 suorum
813 1366 1024 1420 sigillatis,
1057 1372 1104 1407 et
1141 1365 1245 1407 fecit
1283 1378 1533 1406 sermonem
1575 1376 1723 1405 coram
1764 1361 1953 1403 Univer-

148 1441 282 1484 sitate
320 1442 525 1494 Oxoniae,
567 1445 612 1485 in
646 1447 922 1499 processione
967 1446 1027 1487 ibi
1067 1445 1276 1500 generali,
1316 1451 1496 1487 cantato
1546 1444 1606 1485 ibi
1652 1446 1662 1464 ‘
1684 1443 1752 1484 Te
1801 1442 1950 1483 Deum

149 1521 399 1564 laudamus‘
440 1538 580 1578 usque
619 1526 664 1567 in
702 1526 848 1578 finem,
882 1527 927 1567 in
964 1525 1148 1567 ecclesia
1185 1525 1331 1566 beatae
1367 1525 1648 1566 Frideswidae
1682 1522 1872 1576 virginis,
1905 1528 1953 1562 et

149 1615 240 1643 non
273 1605 376 1645 novi
409 1617 491 1647 nec
524 1606 672 1648 audivi
706 1607 827 1661 quod
859 1606 1068 1660 Episcopi
1106 1605 1288 1660 Angliae
1327 1605 1680 1659 praedicaverunt
1718 1603 1951 1644 materiam

148 1681 312 1724 divinae
353 1683 497 1726 laudis
540 1699 622 1739 pro
659 1686 745 1728 hoc
792 1700 955 1740 magno
1002 1685 1212 1727 miraculo
1258 1685 1418 1736 divino,
1457 1685 1538 1726 sed
1582 1685 1619 1725 si
1662 1683 1708 1724 hi
1755 1682 1950 1738 episcopi

147 1763 376 1812 tacuerint,
403 1764 574 1819 lapides
593 1765 860 1817 clamabunt,
884 1767 951 1807 i.e.
976 1765 1197 1819 simplices
1219 1765 1375 1807 Xtiani
1404 1766 1564 1816 dicent,
1585 1763 1751 1806 ‘omm's
1771 1763 1952 1816 spiritus

147 1840 300 1884 laudet
329 1843 573 1886 Dominum
599 1846 801 1901 semper.’
860 1847 1102 1887 Praedictus
1133 1846 1290 1887 doctor
1320 1845 1623 1895 Bononiensis,
1659 1849 1823 1885 sanctae
1856 1856 1949 1883 me-

151 1922 301 1964 mon’ae
339 1925 602 1978 praedicator
638 1932 685 1968 et
723 1927 867 1968 socius
909 1926 1062 1969 Sancti
1101 1925 1326 1976 Rerum-di,
1362 1939 1480 1967 anno
1518 1925 1602 1966 Xti
1641 1935 1752 1978 1450
1790 1923 1949 1964 Romae

150 2002 409 2055 canonizati,
439 2004 597 2047 doctor
624 2005 853 2059 Johannes
887 2007 944 2048 de
981 2005 1244 2060 Capistrano
1275 2005 1380 2048 fecit
1414 2005 1578 2047 multas
1609 2004 1950 2059 praedicaciones

149 2085 199 2122 et
234 2081 568 2126 reformaciones
606 2079 651 2126 in
682 2099 819 2140 regno
854 2086 1005 2128 inclito
1042 2086 1286 2140 Hungariae
1319 2087 1378 2127 de
1413 2086 1718 2140 episcoporum
1755 2083 1949 2124 moribus

150 2159 291 2212 malis,
318 2168 364 2204 et
390 2163 606 2206 abbatum
637 2172 682 2206 et
708 2166 1011 2221 religiosorum
1042 2172 1088 2207 et
1113 2166 1404 2217 sacerdotum,
1425 2172 1470 2207 et
1495 2165 1707 2207 laicorum
1735 2163 1946 2216 adjuvan-

150 2240 269 2282 tibus
298 2254 410 2294 eum,
440 2250 486 2285 et
514 2250 666 2286 contra
695 2246 876 2288 eosdem
905 2246 1246 2288 defendentibus
1275 2260 1377 2287 eum
1407 2246 1599 2287 dominis
1630 2243 1949 2298 temporalibus

150 2321 196 2361 in
229 2320 452 2375 Ungaria3
493 2324 569 2377 qui
603 2325 743 2366 eciam
773 2326 984 2380 praedicat
1019 2326 1064 2367 in
1098 2339 1234 2380 regno
1266 2326 1462 2368 Boemiae
1498 2325 1687 2367 multum
1723 2324 1947 2364 destructo

150 2413 230 2454 per
266 2399 481 2442 hereticos
518 2402 709 2446 Boemos
750 2405 814 2446 M.
846 2405 1096 2458 Johannem
1130 2406 1278 2447 Husse
1318 2413 1365 2448 et
1403 2420 1483 2460 per
1515 2405 1652 2447 alium
1688 2403 1945 2455 magistrum

149 2480 314 2521 arcium
343 2479 616 2532 Jeronimum
648 2484 705 2526 de
739 2484 881 2539 Praga
916 2486 961 2526 in
995 2499 1131 2539 regno
1166 2486 1374 2537 Boemiae,
1409 2487 1513 2540 quia
1551 2485 1702 2525 nutriti
1737 2488 1862 2523 erant
1899 2482 1944 2521 in

151 2558 280 2600 malis
310 2572 461 2600 eorum
501 2562 716 2604 erroribus
754 2571 800 2607 et
831 2565 1058 2607 heresibus
1093 2579 1172 2620 per
1200 2565 1336 2607 libros
1371 2566 1475 2606 mali
1510 2564 1701 2606 doctoris
1730 2560 1946 2614 Johannis

150 2637 335 2692 Wycliff
357 2638 415 2679 de
439 2638 617 2693 Anglia,
638 2655 751 2695 quos
778 2643 913 2686 libros
941 2645 1097 2688 Boemi
1126 2645 1348 2687 scholares
1379 2646 1424 2686 in
1455 2644 1633 2687 Oxonia
1662 2646 1946 2696 portaverunt

151 2719 197 2760 in
236 2717 480 2768 Boemiatr1,
518 2725 568 2760 ut
605 2726 731 2774 patet
776 2723 822 2764 in
866 2724 978 2766 libro
1021 2726 1079 2767 de
1117 2726 1252 2780 gestis
1292 2725 1463 2767 concilii
1506 2720 1860 2765 Constanciensis
1899 2726 1947 2762 et

122 2782 404 2841 “Basiliensis
443 2810 554 2850 quos
587 2799 690 2840 vidi.
760 2800 823 2843 Et
861 2804 1050 2857 pessima
1086 2805 1234 2859 regina
1269 2819 1383 2846 uxor
1419 2803 1469 2858 3fi
1503 2801 1796 2843 &Venceslavii
1828 2801 1944 2854 regis

1033 2883 1059 2914 C
