2456 3210
693 335 826 371 LOCI
858 335 898 370 E
937 335 1104 371 LIBRO
1150 334 1498 372 VERJTATUM.
1922 321 2004 377 185

193 493 391 534 quaeram
432 479 539 522 talia
579 486 625 522 et
665 481 783 533 talia,
820 487 866 523 et
904 481 1007 524 talis
1047 481 1208 524 modus
1246 480 1502 536 disputandi
1542 477 1628 520 fuit
1666 481 1864 519 servatus
1905 473 2003 517 Ox-

194 560 310 602 oniae
339 561 457 602 inter
483 560 718 616 theologos
745 576 883 616 usque
914 562 973 604 ad
1000 562 1132 605 bonae
1159 563 1385 605 memoriae
1416 562 1646 604 doctorem
1672 565 1719 601 et
1746 556 2003 612 episcopum

195 640 565 702 Lincolniensem,
605 642 833 685 doctorem
863 627 1122 685 ⁴Ricardum
1162 644 1468 698 Flemmynge,
1510 647 1665 683 natum
1704 639 1749 680 in
1789 636 2004 680 comitatu

195 703 459 784 Eborumsg!

309 807 387 850 [1b.]
446 805 457 823 ‘
472 801 620 844 Arcus
659 802 844 844 forcium
885 810 1118 858 superatus
1159 810 1238 854 est,
1279 810 1325 846 et
1365 803 1527 846 infirmi
1566 800 1750 845 accincti
1790 805 1894 841 sunt
1932 810 2004 839 ro·

193 879 328 932 bore,’
358 882 386 923 i.
403 896 440 924 e.
476 883 662 925 sciencia
693 897 794 938 quae
826 890 1008 938 putatur
1036 885 1222 937 subtilis,
1253 891 1299 928 et
1334 885 1531 927 curiosus
1562 883 1722 925 modus
1751 877 1929 922 dicendi
1958 882 2006 920 et

193 963 474 1016 praedicandi,
502 963 701 1005 infirmus
746 970 827 1015 est,
857 965 962 1019 quia
995 979 1153 1019 parum
1191 965 1263 1008 vel
1308 965 1480 1007 nullum
1518 965 1709 1006 fructum
1746 960 1888 1016 parit;
1929 960 1941 979 ‘
1957 962 2005 1000 et

193 1042 355 1084 infirmi
386 1044 570 1086 accincti
603 1050 708 1086 sunt
733 1045 915 1095 robore,’
945 1046 971 1088 i.
984 1060 1022 1087 e.
1052 1045 1188 1100 plano
1222 1046 1359 1088 modo
1391 1045 1569 1089 dicendi
1605 1049 1782 1086 utentes
1814 1042 1859 1083 in
1892 1052 2007 1095 prae-

193 1123 420 1166 dicacione
453 1137 544 1174 sua,
575 1125 759 1167 accincti
794 1132 898 1167 sunt
937 1125 1197 1168 fortitudine
1235 1126 1463 1182 spirituali,
1504 1131 1550 1168 et
1589 1125 1699 1166 alios
1734 1122 1797 1164 sic
1836 1120 2005 1162 faciunt

192 1203 329 1245 fortes
359 1204 403 1245 in
421 1204 595 1257 virtute,
614 1211 664 1247 ut
692 1205 757 1247 ait
786 1206 942 1247 doctor
966 1205 1212 1249 Nicholaus
1235 1207 1293 1248 de
1313 1207 1419 1249 Lira
1450 1207 1496 1248 in
1520 1204 1706 1247 Postilla
1735 1217 1816 1245 sua
1846 1198 2004 1242 morali

194 1297 327 1338 super
355 1283 559 1336 Bibliam‚
587 1285 731 1339 primo
764 1286 942 1341 Regum
964 1285 1018 1340 iji.
1081 1286 1173 1329 Sed
1205 1301 1294 1329 non
1324 1287 1462 1330 habet
1492 1286 1602 1328 illud
1638 1285 1683 1326 in
1706 1282 1891 1325 Postilla
1920 1294 2003 1322 sua

194 1364 386 1415 litterali,
406 1379 484 1407 seu
508 1365 737 1417 historiali,
759 1381 890 1422 super
910 1367 1128 1419 Bibliam;
1161 1374 1206 1410 et
1236 1375 1304 1411 est
1334 1374 1572 1422 utrumque
1602 1378 1714 1421 opus
1741 1364 1859 1405 Lirae
1885 1361 2002 1404 Can-

194 1446 407 1501 tabrigiae,
434 1453 479 1489 et
509 1447 650 1490 eciam
681 1450 891 1503 magister
919 1448 1168 1491 Willelmus
1195 1448 1320 1505 Grey
1347 1449 1486 1491 habet
1514 1449 1635 1490 idem
1666 1459 1779 1500 opus
1810 1442 2004 1487 Oxoniae

196 1527 241 1568 in
270 1541 445 1570 camera
474 1542 554 1570 sua
583 1529 629 1570 in
658 1530 760 1571 aula
791 1529 982 1571 Ballioli.

310 1614 365 1659 [p·
386 1615 485 1660 449-]
544 1615 812 1652 Praedicare.
873 1610 921 1653 Si
958 1611 1044 1662 ille,
1073 1611 1148 1665 qui
1179 1611 1323 1661 docet,
1352 1624 1441 1652 non
1471 1609 1589 1665 turpi
1620 1609 1741 1650 lucro
1773 1612 1819 1648 et
1850 1604 2004 1660 gloriae

193 1694 331 1742 atque
352 1689 598 1743 jactanciae,
630 1691 710 1732 sed
740 1691 919 1733 utilitati
944 1691 1194 1745 legencium
1224 1692 1594 1745 audienciumque
1620 1688 1862 1744 provideat,
1889 1685 2003 1728 tales

194 1769 480 1823 prohibentes
514 1776 561 1812 et
596 1771 888 1825 impedientes
922 1771 1107 1813 verbum
1140 1771 1227 1813 Dei
1263 1778 1308 1814 et
1340 1785 1490 1814 curam
1526 1770 1723 1813 debitam
1755 1767 2003 1810 animarum

194 1862 274 1903 per
306 1849 588 1905 indignorum
624 1857 670 1893 et
701 1852 937 1893 insciorum
978 1852 1306 1894 institucionem
1338 1852 1384 1894 in
1417 1852 1613 1901 ecclesia,
1654 1855 1759 1892 sunt
1789 1848 1897 1891 ebrii
1927 1847 2005 1888 illa

197 1928 410 1972 ebrietate
443 1944 532 1984 qua
561 1932 675 1973 curis
714 1932 862 1974 saeculi
902 1932 1143 1974 inebriatur
1177 1939 1223 1975 et
1260 1932 1459 1975 obruitur
1492 1932 1655 1974 animae
1687 1930 1827 1985 vigor.
1888 1928 2005 1969 Haec

197 2009 388 2052 Sanctus
407 2010 669 2063 Jeronimus,
698 2027 829 2067 super
855 2013 1001 2055 Amos
1028 2012 1304 2067 prophetam,
1332 2018 1415 2056 ca0.
1436 2013 1486 2068 ij⁰
1509 2018 1676 2055 textus,
1735 2009 2004 2051 Praedicator

197 2090 284 2143 qui,
310 2092 530 2145 praecipue
554 2092 639 2134 hiis
669 2094 837 2143 diebus,
860 2095 1073 2148 praedicet
1103 2095 1148 2135 in
1177 2095 1355 2136 nomine
1381 2095 1488 2148 Jesu
1517 2100 1671 2136 contra
1699 2092 1927 2145 episcopos
1958 2094 2004 2129 et

198 2175 389 2211 rectores
416 2171 656 2214 residentes
684 2174 728 2214 in
756 2174 936 2228 palaciis
966 2188 1119 2228 regum
1144 2180 1190 2215 et
1217 2174 1507 2225 dominorum,
1528 2181 1573 2216 et
1600 2173 1660 2214 ibi
1680 2173 1798 2213 bona
1824 2182 2003 2211 suarum

198 2250 481 2292 ecclesiarum
509 2255 783 2307 expendunt,
808 2261 853 2296 et
878 2256 923 2296 in
951 2256 1054 2296 anni
1082 2255 1211 2296 donis
1241 2255 1351 2297 dant
1376 2256 1567 2297 dominis
1594 2253 1747 2295 mundi
1778 2257 1823 2292 et
1850 2260 2002 2291 eorum

198 2331 344 2382 servis,
364 2330 434 2372 vel
458 2331 519 2373 ibi
546 2333 711 2386 vivunt,
732 2341 782 2377 ut
812 2335 894 2377 sibi
925 2335 1223 2377 thesaurizent
1252 2336 1336 2377 sibi
1365 2337 1485 2379 bona
1515 2335 1795 2378 ecclesiarum
1826 2330 1871 2371 in
1901 2342 2002 2383 per·

197 2411 392 2452 diciones
421 2412 676 2466 animarum,
697 2429 820 2458 more
846 2417 961 2458 illius
992 2417 1198 2471 episcopi,
1226 2417 1301 2470 qui
1325 2431 1464 2472 nuper
1490 2416 1622 2458 michi
1647 2412 1849 2467 cognitus
1877 2409 2000 2455 obiit,

196 2491 367 2532 habens
394 2491 439 2532 in
462 2491 668 2535 thesauro
686 2502 788 2548 post
809 2503 997 2539 mortem
1019 2503 1120 2539 octo
1146 2497 1266 2538 milia
1293 2511 1549 2547 marcarum,
1572 2495 1646 2550 qui
1671 2504 1897 2546 nunquam
1917 2489 2001 2530 fuit

198 2570 244 2611 in
273 2584 353 2611 sua
384 2571 567 2613 ecclesia
595 2574 845 2629 episcopali,
876 2591 957 2619 nec
987 2577 1032 2618 in
1063 2578 1226 2618 diocesi
1262 2591 1341 2619 sua
1370 2585 1607 2632 postquam
1638 2576 1720 2616 fuit
1756 2574 1999 2629 episcopus,

199 2651 278 2691 sed
309 2650 423 2692 vixit
452 2650 698 2694 Londoniis
729 2654 775 2696 in
806 2657 954 2711 quiete
984 2658 1190 2711 corporis,
1222 2663 1268 2699 et
1296 2665 1398 2712 post
1431 2665 1619 2700 mortem
1648 2655 1842 2710 episcopi
1874 2656 2000 2710 quasi

199 2731 349 2772 omnia
375 2731 493 2772 bona
512 2745 593 2774 sua
618 2733 806 2786 spoliata
831 2736 1007 2779 suerunt
1034 2752 1112 2791 per
1135 2752 1270 2779 unum
1301 2739 1589 2794 armigerum3
1623 2742 1667 2778 et
1691 2736 1786 2789 jam
1814 2737 1915 2778 novi
1934 2737 2001 2789 4⁰*

201 2824 387 2865 magnos
407 2811 637 2866 episcopos
661 2820 790 2856 extra
815 2830 964 2859 curam
985 2833 1111 2860 suam
1140 2826 1186 2861 et
1206 2819 1414 2862 diocesim
1436 2819 1560 2874 quasi
1589 2817 1633 2858 in
1653 2816 1805 2858 officiis
1825 2822 2001 2872 tempo-

200 2891 363 2933 ralibus
383 2897 633 2946 occupatOS,
655 2898 701 2936 et
724 2894 836 2938 duos
860 2897 905 2939 in
932 2899 1052 2940 curia
1078 2900 1310 2955 temporali
1339 2900 1462 2954 quasi
1493 2898 1698 2941 continue
1729 2896 1998 2941 residentes:

1059 2977 1085 3008 B
1106 2968 1135 3009 b
