2456 3210
596 250 1006 290 LOCIJJLJBRO
1053 247 1393 284 Kfflfflvnyzmfi
1841 239 1897 292 65

99 399 257 440 timore
290 396 444 450 majori
474 397 555 438 erit
582 401 769 437 curatus.
830 393 918 447 Qui
950 392 1045 434 hae'c
1073 391 1236 439 dicunt,
1265 390 1432 444 seipsos
1462 388 1688 439 seducunt,
1709 394 1754 429 et
1783 388 1895 428 veri-

100 485 238 520 tatem
265 477 499 527 occultant,
520 482 564 518 et
594 476 736 517 lucem
764 474 970 516 tenebras
997 486 1091 514 esse
1117 471 1349 520 affirmant,
1371 470 1471 511 ideo
1495 469 1604 510 ‘Vae
1633 468 1692 510 il·
1733 467 1760 509 !'
1790 467 1897 508 dicit

100 558 321 600 Dominus
352 557 499 598 Ysaiae
531 555 696 610 quinto,
731 555 804 595 ubi
845 555 995 595 dicunt
1030 552 1151 606 quod
1191 552 1326 592 nimia
1360 550 1634 592 familiaritas
1667 547 1897 603 parochia-

100 653 255 680 norum
295 638 408 692 parit
458 642 762 689 contemptum
805 634 944 676 curati
983 648 1060 675 seu
1107 632 1314 687 episcopi,
1355 645 1460 684 ergo
1507 630 1711 672 absencia
1759 629 1898 670 curati

100 720 306 760 diuturna
347 718 499 758 melior
527 722 593 758 est
628 729 759 770 quam
793 715 999 756 continua
1030 713 1101 755 vel
1140 712 1383 754 necessaria
1418 725 1518 753 cum
1548 725 1682 765 grege
1718 724 1799 752 suo
1833 723 1900 750 re-

101 800 307 841 sidencia.
367 797 456 852 Qui
477 797 562 838 isto
587 797 720 837 modo
746 796 900 837 dicunt
920 801 1108 849 arguunt
1132 808 1183 835 ac
1204 794 1240 835 si
1262 793 1360 847 quis
1381 793 1556 842 diceret,
1579 795 1589 813 ‘
1603 771 1746 833 Nolos
1767 791 1898 833 edere

100 893 240 935 prope
269 880 416 933 ignem
446 891 502 918 ne
530 876 642 917 forte
671 876 901 917 comburat
939 889 1036 926 me;
1079 874 1182 915 nolo
1211 874 1394 915 omnino
1426 873 1658 914 comedere
1688 854 1745 913 nie
1774 872 1899 913 cibus

102 960 286 1002 suffocet
326 955 422 1006 me,'
462 957 586 1010 quasi
635 963 759 998 actus
799 955 915 1002 boni,
958 955 1187 996 necessarii
1231 953 1336 1004 fieri,
1366 967 1455 994 non
1495 959 1676 1007 possent
1716 952 1798 993 nisi
1839 965 1898 992 ex

103 1040 188 1082 illis
216 1039 344 1080 bonis
372 1037 542 1078 actibus
571 1035 814 1077 necessario
851 1041 1136 1089 sequerentur
1169 1034 1300 1075 mala.
1361 1034 1544 1084 Revera,
1577 1033 1613 1074 si
1644 1047 1749 1074 vera
1784 1038 1900 1073 esset

102 1121 199 1163 haec
238 1118 348 1160 falsa
380 1117 631 1158 absencium
671 1123 922 1157 curatorum
962 1115 1210 1166 excusacio,
1253 1114 1566 1157 Sanctissimus
1599 1113 1760 1154 Paulus
1799 1126 1899 1166 pec-

526 1245 623 1278 *iwb
643 1276 652 1284 ,
677 1245 779 1281 ¹⁴8¹ae

104 1206 247 1244 casset
286 1213 340 1240 eo
378 1197 508 1251 quod,
542 1202 630 1238 test
696 1197 852 1250 seipso,
888 1195 1084 1237 Actuum
1123 1195 1342 1244 vicesimo,
1381 1189 1460 1249 per
1493 1195 1727 1236 triennium
1769 1200 1900 1234 nocte

105 1286 152 1322 et
182 1280 255 1321 die
293 1278 486 1320 residens
520 1210 686 1346 fuith
722 1290 835 1326 cura,
870 1276 1032 1317 cotidie
1073 1289 1258 1317 monens
1293 1275 1505 1330 populum
1539 1274 1663 1316 Asiae
1701 1274 1899 1322 Minoris,

105 1373 206 1414 quae
235 1372 382 1401 revera
409 1357 647 1398 residencia
669 1356 799 1397 valde
829 1362 980 1397 sancta
1011 1362 1055 1397 et
1086 1357 1307 1397 meritoria
1337 1356 1433 1397 fuit.
1492 1355 1628 1396 Absit
1659 1368 1763 1408 ergo
1794 1354 1900 1407 quin

104 1441 248 1482 bonus
295 1444 470 1480 curatus
520 1437 709 1478 residere
754 1436 915 1490 poterit
955 1437 1000 1476 in
1041 1450 1143 1477 cura
1183 1437 1396 1514 suaffiine
1445 1436 1582 1477 nimia
1620 1449 1698 1476 seu
1738 1435 1902 1475 viciosa

104 1519 409 1569 familiaritate,
449 1523 498 1558 ut
538 1517 632 1558 dux
673 1522 718 1558 et
757 1517 914 1557 ductor
954 1517 1104 1570 populi
1142 1517 1240 1557 Dei.
1314 1501 1424 1559 Ubi
1445 1530 1550 1557 vero
1579 1502 1899 1570 'epi'scbffiffls‘eu

105 1599 180 1641 alii
214 1599 498 1654 praesidentes
537 1598 688 1638 dicunt
730 1596 855 1647 male,
891 1610 938 1636 se
976 1597 1243 1646 excusando,
1276 1596 1527 1638 ‘Absencia
1567 1597 1705 1638 curati
1748 1601 1902 1636 causat

105 1681 308 1721 timorem
343 1678 618 1720 subditorum
658 1690 794 1730 penes
835 1683 1048 1718 rectorem
1084 1674 1238 1727 suum,'
1269 1691 1419 1718 revera
1452 1676 1685 1718 veritatem
1720 1675 1900 1725 dicunt;

106 1761 210 1814 quia
248 1774 307 1800 ex
345 1758 423 1800 tali
462 1758 667 1799 absencia
707 1763 912 1798 causatur
951 1758 1083 1797 timor
1128 1756 1270 1798 malus
1311 1763 1356 1799 et
1397 1757 1588 1805 nocivus,
1631 1757 1734 1810 quia
1774 1769 1901 1809 paro-

108 1839 253 1881 chiani
282 1845 328 1881 et
365 1839 596 1888 diocesani,
627 1851 715 1879 non
755 1844 1072 1891 cognoscentes
1105 1838 1242 1878 vitam
1273 1843 1318 1879 et
1358 1837 1614 1891 exemplum
1649 1843 1694 1878 et
1723 1849 1903 1878 conver-

109 1921 329 1960 sacionem
352 1920 418 1960 sui
449 1919 626 1960 rectoris
656 1932 732 1959 seu
761 1917 964 1971 episcopi,
992 1918 1151 1959 timent
1175 1918 1408 1959 ostendere
1431 1924 1597 1959 statum
1624 1918 1783 1958 animae
1811 1930 1902 1956 suae

109 2005 260 2040 curato
289 2013 379 2050 suo,
405 1999 647 2040 nescientes
677 2011 733 2039 an
763 1998 904 2039 bonus
935 2011 991 2038 an
1023 1997 1164 2039 sciens
1194 1998 1251 2039 sit
1279 2012 1336 2039 an
1367 2011 1466 2047 non,
1500 2004 1545 2039 et
1574 1998 1635 2039 sic
1668 1997 1771 2050 quia
1806 2010 1903 2036 raro

109 2079 229 2120 venit
262 2078 320 2119 ad
354 2092 544 2132 gregem,
575 2091 663 2119 non
695 2085 908 2119 noverunt
943 2091 1056 2129 eum,
1087 2091 1165 2119 nec
1193 2092 1346 2120 vocem
1383 2078 1476 2132 ejus
1511 2079 1555 2119 in
1590 2077 1778 2118 salutem
1811 2076 1903 2116 ani-

111 2171 281 2199 marum
323 2171 498 2200 suarum
537 2159 779 2209 audierunt,
820 2164 864 2199 et
904 2159 1004 2199 ideo
1044 2171 1132 2199 non
1176 2165 1416 2212 sequuntur
1461 2172 1560 2200 eum
1603 2171 1683 2198 nec
1723 2155 1904 2198 consilia

111 2243 268 2292 petunt
299 2238 356 2278 ab
386 2251 439 2279 eo
473 2238 530 2279 de
560 2238 730 2280 actibus
763 2239 951 2289 animae3
988 2238 1092 2291 quia
1122 2238 1246 2291 quasi
1278 2245 1514 2280 extraneus
1545 2239 1644 2279 ideo
1672 2250 1750 2277 nec
1786 2242 1904 2276 recte

112 2318 397 2371 cognoscitur,
424 2323 468 2358 et
497 2318 598 2359 ideo
628 2323 745 2359 recte
775 2332 862 2359 non
893 2318 1099 2372 diligitur.
1161 2318 1201 2360 O
1225 2319 1417 2360 Domine
1443 2319 1591 2360 Deus!
1623 2318 1681 2358 da
1711 2324 1759 2357 ut
1790 2329 1902 2369 prae-

110 2398 304 2439 sidentes
340 2397 533 2438 ecclesiae
571 2399 852 2447 descendant,
883 2398 1106 2440 humiliter
1141 2406 1186 2440 et
1221 2412 1321 2440 cum
1362 2399 1666 2453 compassione
1707 2397 1903 2446 miseriae,

112 2492 140 2519 a
174 2483 293 2518 statu
329 2477 473 2518 nimiae
505 2477 788 2519 exaltacionis
823 2485 868 2520 et
902 2478 1091 2528 honoris,
1121 2479 1178 2519 ad
1209 2478 1478 2533 loquendum
1512 2485 1556 2519 et
1591 2478 1647 2518 ad
1682 2475 1906 2516 humiliter

112 2557 430 2599 attendendum
461 2557 600 2597 causis
633 2558 920 2609 subditorum,
951 2559 1026 2612 qui
1055 2558 1147 2611 jam
1179 2572 1268 2599 non
1299 2559 1464 2600 audent
1495 2557 1700 2600 accedere
1734 2569 1823 2604 nec,
1856 2562 1905 2596 ut

112 2643 299 2691 oportet,
331 2635 597 2689 indigencias
625 2637 783 2678 animae
815 2644 859 2678 et
889 2638 1079 2692 corporis
1111 2639 1224 2692 patri
1260 2653 1340 2680 suo
1380 2637 1592 2692 spirituali
1627 2635 1904 2684 annunciare,

113 2717 218 2770 quia
249 2715 440 2769 elongati
475 2721 577 2756 sunt
608 2717 895 2769 praesidentes
927 2723 972 2759 et
1004 2717 1173 2769 elevati,
1206 2725 1255 2759 ut
1288 2731 1375 2759 non
1411 2717 1578 2758 audent
1610 2729 1689 2756 nec
1721 2721 1907 2769 possunt

116 2796 267 2837 debito
307 2794 525 2844 accedere,
557 2807 636 2836 nec
675 2796 936 2838 sufficienter
971 2798 1275 2839 necessitatem
1317 2810 1441 2838 suam
1472 2795 1722 2849 explanare.
1793 2797 1803 2815 ‘
1822 2794 1905 2836 Vae

992 2874 1026 2905 K

2047 1398 2442 1483 ζῦκδΤΝυξῐῩὟ

2416 1467 2433 1475 1
