2456 3210
794 318 1152 354 DECOLLATIO
1180 317 1406 355 SCROPE.
1914 321 1996 362 227

196 463 403 506 dominus
428 463 627 506 Thomas
659 461 982 517 Cumyrwurtlt
1011 461 1140 504 miles
1167 461 1489 505 Lincolniensis
1522 461 1721 513 diocesis,
1754 474 1834 515 per
1863 460 2000 502 verba

196 543 513 598 archiepiscopi
545 543 724 586 reduxit
757 543 802 584 in
833 543 901 584 sui
933 542 1070 597 ipsius
1100 543 1359 584 memoriam
1393 542 1664 597 pacienciam
1694 547 1741 584 et
1769 541 1998 584 caritatem

197 624 549 679 prothomartiris
584 623 814 678 Stephani,
845 623 1022 664 veniam
1057 637 1139 677 pro
1171 623 1263 665 suis
1297 623 1483 666 inimicis
1514 637 1542 666 a
1571 623 1673 665 Deo
1703 621 1998 676 postulantis3

198 711 245 746 et
274 718 396 754 mOX,
428 705 587 746 eadem
617 704 690 746 die
721 709 823 758 post
863 703 1102 751 meridiem,
1139 704 1300 746 ductus
1330 710 1398 745 est
1432 717 1564 758 super
1592 716 1757 758 equum
1785 702 1844 744 ad
1872 715 2029 765 suam--

198 785 554 836 decollacionem,
593 785 681 839 qui,
724 785 904 838 quando
947 797 1079 838 super
1123 798 1286 839 equum
1332 785 1411 826 vix
1457 785 1751 838 quadraginta
1799 782 1999 825 denarios

197 864 420 907 valentem
453 864 723 915 ascenderet,
753 864 882 914 dixit,
913 866 923 884 ‘
941 863 1122 906 Gracias
1155 878 1242 919 ago
1271 865 1374 907 Deo
1409 864 1718 918 omnipotenti,
1747 862 1854 917 quia
1888 876 1999 904 nun-

197 958 332 999 quam
367 945 533 1000 placuit
572 944 705 987 michi
740 958 880 998 equus
918 945 1031 986 sicut
1060 945 1144 986 iste
1182 944 1331 999 placet
1346 942 1371 996 ;’
1412 951 1459 987 et
1494 944 1733 993 Psalmum,
1766 947 1776 966 ‘
1792 942 1998 992 Domine,

198 1025 362 1068 exaudi
391 1024 660 1075 seeundum‚'
679 1025 831 1076 oravit,
851 1025 914 1066 sic
941 1025 1184 1079 equitando
1212 1038 1313 1066 cum
1333 1025 1525 1080 capistro
1552 1031 1598 1067 et
1624 1024 1818 1066 chimera
1836 1021 1999 1079 (veste)

197 1104 336 1148 blodii
370 1105 527 1148 coloris
556 1105 740 1147 manicis
769 1105 930 1147 tunicae
959 1119 1052 1147 suae
1082 1105 1282 1160 ejusdem
1312 1106 1469 1148 coloris
1499 1105 1805 1153 existentibus,
1828 1110 2000 1146 vestem

197 1191 349 1227 tamen
379 1185 555 1238 lineam,
589 1199 678 1240 qua
713 1191 898 1228 utuntur
932 1186 1126 1240 episcopi
1158 1186 1255 1227 vice
1288 1186 1437 1241 ephot,
1472 1200 1560 1228 non
1595 1185 1801 1227 sinebant
1834 1183 1999 1226 archie-

197 1266 427 1320 piscopum
456 1266 543 1317 uti3
573 1272 619 1308 et
645 1266 707 1308 sic
737 1279 839 1307 cum
869 1266 1052 1319 capucio
1076 1265 1300 1319 jacinctivi
1330 1266 1423 1308 sive
1450 1265 1590 1308 blodii
1619 1264 1776 1307 coloris
1806 1264 2001 1318 undique

198 1346 312 1388 circa
339 1346 545 1388 humeros
573 1360 675 1388 suos
704 1347 938 1401 pendente,
961 1352 1006 1388 et
1035 1347 1098 1387 sic
1127 1346 1286 1388 ductus
1315 1352 1383 1388 αεὶ
1412 1347 1526 1389 sicut
1554 1346 1649 1388 ovis
1677 1346 1737 1388 ad
1759 1345 1997 1394 victimam,

197 1426 274 1480 qui
302 1440 391 1469 non
419 1427 592 1481 aperuit
618 1441 669 1468 os
698 1441 839 1478 suum,
860 1441 941 1469 nec
969 1427 1029 1468 ad
1054 1427 1305 1479 vindictam,
1325 1441 1407 1470 nec
1436 1428 1495 1469 ad
1525 1425 2001 1470 excommunicacionis

197 1507 480 1549 sentenciam.
531 1507 634 1562 Qui,
666 1521 766 1549 cum
797 1508 855 1549 ad
884 1507 1031 1549 locum
1061 1507 1370 1550 decollacionis
1399 1508 1659 1563 perveniret,
1688 1507 1833 1550 dixit:
1864 1508 1875 1528 ‘
1889 1506 2000 1549 Om-

197 1586 402 1640 nipotens
431 1587 584 1630 Deus!
634 1588 716 1630 tibi
756 1587 892 1629 offero
932 1587 1151 1642 meipsum
1182 1595 1229 1630 et
1257 1602 1412 1630 causas
1450 1602 1530 1642 pro
1564 1588 1722 1643 quibus
1762 1587 1919 1642 patior,
1953 1592 2000 1629 et

197 1667 373 1709 veniam
401 1681 429 1709 a
458 1673 505 1709 te
535 1674 641 1722 peto
671 1669 729 1709 de
763 1667 968 1708 omnibus
1002 1668 1210 1721 peccatis,
1244 1675 1290 1710 et
1319 1668 1645 1722 indulgenciam
1674 1674 1781 1722 peto
1811 1668 1869 1709 de
1903 1680 1999 1709 om-

198 1747 326 1789 nibus
365 1749 526 1802 quibus
570 1762 651 1802 per
698 1748 981 1790 commissum
1019 1748 1091 1789 vel
1130 1761 1210 1802 per
1251 1749 1419 1790 bonum
1457 1749 1670 1791 omissum
1709 1747 1916 1803 peccavi,'
1954 1754 2000 1790 et

198 1834 303 1869 tunc
333 1829 559 1882 capacium
592 1835 637 1871 et
672 1836 822 1871 tenam
853 1829 910 1870 ad
947 1835 1109 1870 terram
1140 1829 1375 1883 deposuit;
1416 1837 1461 1872 et
1491 1829 1679 1872 Thomae
1708 1829 1889 1881 Alman,
1918 1842 1999 1870 suo

199 1907 467 1959 decollatori,
497 1910 573 1963 qui
608 1909 690 1950 fuit
725 1916 854 1951 natus
890 1909 935 1950 in
965 1909 1185 1963 Popiltmn,
1218 1916 1264 1952 et
1295 1924 1375 1964 per
1408 1911 1658 1964 quindecim
1692 1924 1833 1952 annos
1867 1917 1999 1951 antea

201 1987 388 2030 Eboraci
423 1989 725 2040 incarceratus,
762 1990 907 2031 dixit:
949 1992 959 2009 ‘
976 1989 1072 2037 Fili,
1110 1996 1297 2032 mortem
1330 2004 1477 2033 meam
1508 1990 1632 2033 Deus
1670 1991 1751 2032 tibi
1786 1991 1997 2038 remittat,

201 2073 247 2109 et
287 2081 371 2122 ego
410 2069 491 2110 tibi
531 2070 719 2120 remitto,
750 2083 910 2123 rogans
944 2076 990 2111 te
1025 2070 1180 2111 intime
1215 2076 1264 2111 ut
1299 2071 1379 2112 des
1417 2070 1549 2113 michi
1590 2085 1692 2113 cum
1730 2070 1879 2124 gladio
1918 2076 1997 2111 tuo

178 2148 394 2201 -quinque
427 2149 607 2191 vulnera
647 2152 691 2191 in
730 2150 857 2200 collo,
893 2164 993 2204 quae
1034 2150 1215 2191 intendo
1254 2152 1469 2193 sustinere
1511 2165 1593 2206 pro
1632 2165 1783 2192 amore
1816 2150 1996 2191 Domini

201 2228 340 2269 nostri
367 2227 486 2280 Jesu,
509 2231 595 2283 qui,
615 2244 697 2284 pro
727 2231 855 2272 nobis
884 2230 1096 2272 obediens
1125 2244 1263 2284 usque
1291 2232 1350 2272 ad
1376 2238 1575 2283 mortem,
1595 2232 1790 2286 quinque
1818 2230 1998 2272 vulnera

201 2307 459 2361 principalia
486 2309 712 2362 pacienter
740 2310 949 2352 sustinuit
967 2310 990 2361 ;'
1020 2316 1066 2352 et
1095 2311 1157 2352 sic
1187 2311 1409 2354 osculatus
1436 2320 1504 2355 est
1534 2326 1634 2354 eum
1662 2311 1801 2352 tribus
1829 2310 1997 2352 vicibus

202 2394 247 2429 et
274 2387 429 2441 positis
457 2388 642 2441 genibus
671 2391 837 2441 orabat,
859 2391 1034 2432 dicens:
1066 2393 1075 2410 ‘
1091 2390 1144 2431 In
1175 2405 1332 2433 manus
1360 2399 1471 2445 tuas,
1501 2392 1708 2440 Domine,
1733 2391 1997 2433 commendo

200 2467 402 2521 spiritum
434 2480 580 2509 meum
596 2466 621 2520 ;’
650 2469 814 2523 junctis
845 2470 1048 2512 manibus
1083 2477 1128 2512 et
1165 2470 1347 2514 elevatis
1381 2472 1424 2514 in
1460 2473 1633 2523 coelum,
1666 2478 1710 2513 et
1741 2484 1861 2522 mox,
1896 2483 1998 2512 can-

201 2546 371 2588 cellatis
410 2547 613 2589 manibus
647 2562 779 2604 super
817 2558 972 2605 pectus
1011 2565 1152 2600 suum,
1194 2551 1355 2594 collum
1390 2553 1594 2595 extendit
1629 2550 1996 2606 genuflectend03

182 2632 248 2669 -et
285 2633 391 2668 tunc
431 2627 672 2669 decollator
710 2643 812 2672 cum
849 2631 999 2685 gladio
1039 2645 1140 2673 eum
1180 2633 1410 2687 quinquies
1449 2634 1494 2675 in
1534 2632 1648 2674 collo
1686 2631 1911 2685 percussit,
1950 2631 1995 2672 in

202 2720 290 2748 una
323 2707 566 2761 eademque
599 2709 740 2751 carnis
772 2711 995 2760 divisione,
1026 2725 1162 2765 quam
1193 2712 1336 2766 primo
1367 2714 1456 2756 ictu
1489 2713 1661 2763 fecerat,
1693 2717 1738 2753 et
1767 2711 1812 2752 in
1841 2711 1996 2765 quinta

187 2787 476 2839 -percussione
506 2786 668 2829 collum
697 2789 1012 2845 archipraesulis
1043 2805 1177 2846 super
1205 2798 1368 2834 terram
1400 2793 1560 2835 cecidit
1594 2798 1639 2833 et
1673 2805 1829 2845 corpus
1863 2804 1996 2846 super

201 2866 409 2908 dextrum
434 2866 548 2909 latus
573 2868 632 2910 ad
655 2874 816 2915 terram
840 2872 998 2915 cecidit
1027 2872 1070 2912 in
1099 2873 1232 2914 tercia
1261 2873 1467 2923 sellione;
1504 2872 1697 2926 quinque
1724 2871 1841 2913 enim
1870 2878 1994 2913 erant

1037 2950 1069 2981 G
1089 2954 1119 2994 g
1142 2952 1163 2981 2
