2456 3210
578 249 712 285 LOCI
744 249 784 284 E
822 248 988 283 LIBRO
1034 246 1376 282 VERJTATUM.
1802 252 1877 280 101

82 398 314 454 episcopus
338 397 622 453 Ypponensis
640 396 866 451 quondam
895 395 940 435 in
969 389 1153 436 Affrica.
1214 392 1297 434 Ille
1326 394 1443 434 enim
1475 391 1622 434 Pecok
1654 392 1885 447 episcopus

84 479 332 534 praedictus,
364 478 440 533 qui
470 477 587 520 dixit
617 482 663 518 et
697 476 880 530 scripsit,
912 475 957 516 in
986 475 1097 516 libro
1127 474 1199 515 De
1229 474 1351 525 Fide,
1380 479 1506 527 parte
1536 474 1689 527 prima,
1717 477 1801 514 ca0.
1823 477 1883 528 3⁰,

85 559 205 614 quod
226 559 271 600 in
292 559 421 600 dictis
443 557 641 611 Gregorii
665 562 767 598 sunt
787 556 947 597 diversi
975 555 1185 603 defectus,
1207 560 1252 595 et
1273 553 1392 607 quod
1414 554 1535 595 dicta
1560 567 1641 594 sua
1664 553 1815 607 aliqua
1841 554 1886 595 in
1905 539 1909 550 ι

87 639 264 683 Omelia
287 638 362 682 26⁸
387 652 474 680 non
503 636 633 679 simul
660 642 791 688 stant,
813 636 929 678 dixit
957 642 1003 678 et
1029 635 1201 689 scripsit
1221 635 1265 676 in
1292 633 1378 675 hoc
1403 633 1534 675 valde
1561 633 1720 675 falsum
1743 641 1788 676 et
1815 648 1887 675 su-

85 721 283 775 perbum‚
297 725 343 761 et
362 719 424 761 sic
444 718 632 761 dicendo
653 724 699 759 et
718 717 951 759 scribendo
971 716 1167 758 ostendit
1187 729 1235 757 se
1250 714 1380 756 valde
1401 728 1610 768 usurpare
1631 721 1676 756 et
1698 715 1886 769 superbe

83 799 284 854 judicare
302 799 360 841 de
379 799 508 841 dictis
528 804 575 840 et
593 797 765 852 scriptis
785 803 1039 839 sanctorum
1059 796 1302 846 doctorum,
1323 808 1509 849 quorum
1529 795 1666 836 vitam
1687 801 1886 837 sanctam

88 887 135 923 et
155 880 449 922 excellentem
469 879 713 921 doctrinam
735 883 780 919 et
800 877 1033 919 scienciam
1055 883 1099 918 et
1119 875 1253 917 fidem
1271 875 1492 916 Dominus
1513 875 1636 916 Deus
1656 875 1886 917 confirma-

86 962 152 1003 vit
171 974 268 1002 &se
286 973 402 1011 vera,
422 958 707 1013 sequentibus
728 958 863 1012 signis
886 964 931 999 et
952 956 1183 1006 miraculis,
1199 962 1245 998 et
1265 956 1404 997 eciam
1426 955 1683 996 universalis
1703 955 1887 998 ecclesia

88 1047 135 1082 et
163 1040 334 1083 concilii
362 1039 578 1095 generalis
602 1040 843 1090 decretum,
864 1038 983 1092 quod
1014 1043 1083 1079 est
1107 1042 1178 1089 15⁸
1203 1036 1463 1078 distincione
1484 1038 1659 1078 ‘sancta
1681 1036 1888 1078 Romana

87 1120 295 1164 ecclesia?
367 1120 431 1162 Et
463 1120 602 1162 eciam
642 1119 706 1160 illi
746 1119 886 1160 sancti
918 1118 979 1159 dii
1015 1117 1229 1167 dicuntur,
1265 1117 1311 1157 in
1345 1117 1677 1170 comparacione
1711 1117 1770 1158 ad
1806 1131 1887 1159 nos

86 1201 287 1243 homines
317 1214 406 1243 non
433 1201 495 1242 sic
523 1206 711 1251 sanctos,
740 1206 785 1241 et
813 1199 900 1240 hoc
931 1204 1110 1253 propter
1138 1210 1290 1239 eorum
1323 1196 1618 1238 excellentem
1648 1197 1885 1240 scienciam

87 1287 134 1323 et
169 1280 271 1323 Deo
307 1281 554 1336 placentem
586 1280 740 1322 vitam.
812 1280 929 1321 Item
968 1284 1149 1332 propter
1187 1290 1338 1319 eorum
1374 1277 1565 1331 graciam
1600 1291 1809 1331 magnam
1841 1284 1887 1320 et

86 1362 280 1404 divinam
310 1360 373 1403 eis
401 1360 734 1403 revelacionem.
794 1360 912 1402 Item
942 1364 1122 1413 propter
1149 1371 1299 1399 eorum
1326 1356 1620 1398 excellentem
1650 1358 1886 1400 scienciam

87 1449 134 1484 et
165 1441 487 1497 experienciam
513 1442 778 1483 diuturnam.
849 1440 985 1481 Tales
1019 1440 1225 1480 doctores
1258 1438 1426 1479 debent
1454 1436 1643 1490 judicari
1675 1452 1756 1492 per
1783 1453 1888 1481 suos

87 1535 227 1576 pares,
258 1522 286 1564 i.
299 1537 337 1565 e.
367 1522 507 1564 sancti
536 1536 617 1577 per
639 1521 750 1564 alios
781 1527 969 1571 sanctos,
1000 1520 1113 1561 sicut
1144 1518 1312 1560 domini
1342 1518 1617 1572 parliamenti
1645 1519 1690 1560 in
1720 1518 1891 1574 Anglia

83 1601 336 1656 judicantur
355 1615 433 1656 per
461 1615 563 1644 suos
592 1616 720 1657 pares
738 1619 749 1652 ;
780 1607 826 1643 et
846 1602 967 1643 dicta
991 1605 1242 1641 sanctorum
1263 1605 1306 1640 et
1332 1599 1495 1652 scripta
1517 1605 1622 1640 sunt
1640 1600 1889 1653 approbata

89 1688 136 1724 et
168 1682 376 1736 allegata·
395 1696 476 1736 per
507 1682 797 1724 universalem
831 1681 1058 1723 ecclesiam
1095 1679 1208 1730 Dei;
1241 1679 1341 1720 ideo
1381 1692 1470 1720 non
1506 1686 1573 1720 est
1606 1679 1773 1721 bonum
1808 1682 1887 1723 sed

89 1762 255 1804 malum
284 1764 488 1805 recedere
518 1778 546 1805 a
582 1763 729 1805 studio
762 1763 936 1804 illorum
965 1768 1010 1803 et
1045 1760 1215 1812 fide,‘et
1250 1760 1494 1801 consentire
1523 1760 1652 1802 dictis
1683 1768 1728 1802 et
1760 1761 1888 1803 factis

89 1842 287 1896 praedicti
327 1843 472 1885 Pecok
513 1843 717 1897 episcopi,
754 1843 830 1896 qui
881 1855 968 1883 non
1008 1840 1145 1881 habet
1183 1839 1496 1891 testimonium,
1537 1847 1587 1882 ut
1626 1842 1767 1883 sancti
1807 1843 1886 1883 viri

91 1921 268 1972 habent,
300 1935 381 1965 nec
411 1936 439 1964 a
478 1923 577 1964 Deo
612 1937 693 1964 nec
733 1923 791 1964 ab
826 1921 1008 1964 ecclesia
1046 1903 1274 1962 catholica.
1345 1919 1537 1974 Quando
1574 1921 1691 1962 enim
1728 1922 1885 1971 Pecok,

95 2001 332 2056 praedictus
346 2001 568 2052 Wallicus,
586 2003 703 2045 dixit
723 2002 843 2056 quod
861 2001 1051 2043 Sanctus
1067 2000 1303 2054 Gregorius
1318 2001 1476 2042 erravit
1496 2001 1695 2050 dicendo,
1712 2002 1887 2044 Omelia

91 2095 171 2122 sua
193 2081 276 2133 26⁸,
296 2084 307 2102 ⁸
323 2081 456 2125 Fides
481 2096 570 2124 non
589 2082 727 2125 habet
753 2083 958 2124 meritum
980 2082 1048 2123 cui
1070 2081 1186 2122 racio
1205 2080 1399 2122 humana
1419 2081 1589 2135 praebet
1611 2082 1887 2135 experimen-

91 2158 214 2211 tum,’
232 2161 378 2215 potuit
403 2161 589 2205 honeste
621 2170 668 2205 et
696 2169 848 2217 aperte
870 2161 1092 2204 declarare
1120 2161 1350 2203 veritatem
1370 2161 1499 2215 hujus
1520 2162 1636 2212 dicti,
1658 2169 1703 2203 et
1732 2175 1886 2203 sanam

91 2246 286 2283 mentem
316 2247 362 2283 et
389 2241 661 2284 intellectum
689 2243 810 2285 beati
841 2242 1053 2297 Gregorii,
1074 2241 1162 2295 qui,
1182 2240 1279 2282 haec
1305 2241 1546 2292 scribendo,
1566 2242 1737 2295 scripsit
1756 2241 1886 2284 valde

89 2334 255 2370 verum,
276 2326 326 2362 ut
346 2321 504 2364 diversi
528 2323 732 2365 doctores
761 2330 959 2365 sanctam
986 2327 1183 2363 mentem
1204 2328 1249 2363 et
1269 2321 1486 2364 intentum
1510 2321 1662 2364 Sancti
1686 2321 1886 2376 Gregorii

90 2401 435 2452 declaraverunt,
458 2409 504 2445 et
527 2417 616 2445 non
637 2404 1008 2459 vituperaverunt.
1067 2403 1202 2454 Nota,
1221 2404 1463 2445 secundum
1487 2404 1713 2444 doctorem
1743 2402 1887 2443 solen-

92 2495 195 2523 nem
219 2481 482 2535 Magistrum
504 2482 746 2526 Henricum
777 2485 834 2526 de
858 2484 1074 2526 Gandavo
1104 2484 1149 2524 in
1178 2496 1258 2524 sua
1278 2482 1477 2535 Summa,
1498 2490 1543 2524 et
1573 2496 1651 2536 per
1672 2481 1885 2523 Sanctum

91 2561 313 2602 Thomam
333 2561 392 2603 de
411 2560 605 2615 Aquino,
630 2569 685 2615 2⁸,
702 2571 767 2616 2³⁵,
789 2564 927 2606 Racio
948 2564 1250 2605 consideratur
1268 2563 1511 2617 dupliciter,
1532 2576 1590 2604 sc.
1607 2568 1654 2603 ut
1676 2563 1886 2615 praecedit

96 2641 244 2692 fidem,
274 2646 321 2682 et
354 2646 406 2682 ut
438 2642 645 2695 sequitur.
703 2643 844 2687 Racio
877 2645 1090 2699 praecedit
1122 2643 1267 2695 fidem,
1302 2644 1479 2698 quando
1508 2643 1643 2683 homo
1673 2656 1760 2683 non
1790 2643 1887 2685 vult

92 2721 269 2764 credere
300 2719 362 2761 illi
391 2721 622 2762 assercioni
643 2736 743 2776 quae
773 2737 862 2766 non
883 2725 1095 2779 probatur
1127 2724 1209 2765 sibi
1242 2738 1338 2766 esse
1364 2737 1465 2765 vera
1490 2736 1568 2776 per
1596 2722 1884 2764 sufficientem

95 2800 340 2844 naturalem
363 2801 592 2843 racionem.
652 2801 727 2845 Sic
754 2804 871 2846 enim
895 2805 1118 2847 adhaerere
1147 2804 1255 2847 fides
1282 2818 1371 2847 non
1396 2810 1463 2846 est
1486 2802 1719 2844 meritoria.
1778 2802 1888 2845 Alio
