2456 3210
509 219 586 250 102
1005 210 1136 247 LOCl
1172 211 1210 245 E
1247 211 1413 246 LIBRO
1462 211 1805 249 VERJTATUM.

507 357 640 398 modo
669 357 967 398 consideratur
1000 355 1114 397 racio
1146 360 1194 395 ut
1224 354 1497 408 subsequens
1526 353 1673 404 fidem,
1708 355 1885 408 quando
1913 356 1974 398 sic
2005 355 2139 401 homo
2167 357 2305 400 credit

505 435 678 477 veritati
709 441 899 477 ostensae
930 435 1012 475 sibi
1044 448 1124 488 per
1154 434 1370 476 sufficiens
1401 434 1702 475 testimonium
1732 434 1830 487 Dei,
1854 436 2079 491 scripturae
2108 437 2212 491 ejus,
2233 437 2305 479 vel

505 521 754 558 sanctorum
791 514 896 568 ejus,
933 522 977 556 et
1012 521 1161 556 tamen
1198 520 1299 569 post
1336 514 1471 555 fidem
1507 515 1568 556 sic
1603 512 1802 556 habitam
1833 517 1990 570 quaerit
2026 518 2220 559 raciones
2260 524 2306 560 et

506 596 752 638 evidencias
792 596 848 636 ad
891 595 1216 636 defendendum
1258 594 1378 635 illam
1418 595 1661 645 veritatem,
1700 601 1744 637 et
1784 595 1842 637 ad
1883 596 2144 639 solvendum
2188 598 2306 641 dicta

507 692 581 718 seu
639 683 897 731 argumenta
954 689 1237 730 paganorum,
1287 675 1560 728 Judaeorum,
1621 683 1666 718 et
1725 676 2031 719 haereticorum
2090 678 2306 721 malorum

508 757 781 809 Xfianorum,
823 771 920 811 quae
963 757 1126 798 faciunt
1172 771 1247 798 seu
1294 763 1480 811 possunt
1529 756 1671 799 facere
1716 764 1868 800 contra
1913 758 2034 800 illam
2073 760 2306 802 veritatem

507 837 636 889 fidei3
680 845 723 879 et
753 838 814 878 sic
847 851 1042 891 quaerere
1074 838 1268 879 raciones
1298 843 1399 891 post
1430 837 1563 879 fidem
1594 837 1791 880 habitam
1825 846 1891 881 est
1922 840 2087 882 bonum
2119 846 2163 883 et
2195 840 2306 882 mul-

507 920 673 960 tociens
706 918 990 959 meritorium.

622 1005 672 1048 [p.
703 1004 795 1049 504·]
857 998 1076 1040 ‘Gloriam
1123 1012 1267 1040 meam
1310 999 1434 1040 alteri
1477 1013 1564 1040 non
1600 997 1743 1049 dab0‚’
1780 1014 1838 1042 sc.
1875 1007 1923 1043 ut
1958 1001 2093 1043 horno
2134 1003 2190 1043 de
2230 1005 2308 1044 sua

507 1085 662 1121 natura
702 1086 939 1134 cognoscat
979 1079 1125 1121 futura
1165 1079 1471 1134 contingencia
1512 1086 1556 1122 et
1604 1080 1777 1122 occulta
1815 1081 1872 1122 ab
1913 1081 2103 1123 hominis
2147 1082 2308 1124 noticia

507 1159 719 1211 naturali3
763 1174 841 1201 nec
883 1159 1007 1202 alteri
1045 1161 1124 1202 das
1164 1160 1350 1212 gloriam
1393 1167 1526 1213 tuam,
1563 1161 1826 1214 potenciam,
1858 1175 1915 1203 sc.
1953 1162 2138 1204 faciendi
2180 1163 2308 1205 mira-

507 1240 613 1289 cula,
648 1241 730 1283 nisi
764 1241 943 1294 quando
978 1242 1043 1282 vis
1080 1247 1124 1282 et
1160 1241 1228 1282 cui
1261 1241 1338 1290 viS,
1371 1241 1414 1281 in
1452 1242 1748 1283 ostensionem
1782 1242 1883 1283 fidei
1920 1243 2114 1285 veritatis
2150 1257 2228 1297 per
2263 1249 2309 1285 te

506 1322 706 1373 traditae;
743 1322 818 1363 sed
849 1329 896 1363 ut
925 1322 1028 1363 mali
1058 1328 1102 1363 et
1132 1322 1318 1375 perversi
1349 1321 1544 1363 habeant
1575 1328 1842 1376 potestatem
1871 1322 2057 1365 faciendi
2087 1323 2306 1373 miracula,

508 1401 551 1442 in
587 1402 886 1443 testimonium
922 1402 1188 1444 contrarium
1225 1416 1339 1444 verae
1380 1402 1481 1444 fidei
1522 1402 1763 1454 catholicae,
1799 1402 1882 1444 hoc
1924 1403 2029 1444 nulli
2066 1411 2197 1446 sectae
2233 1405 2310 1446 de-

508 1481 621 1532 disti,
657 1487 705 1522 ut
744 1482 857 1523 bene
894 1483 1089 1524 declarat
1127 1483 1345 1536 Dominus
1381 1482 1658 1524 Armacanus
1698 1482 2051 1537 archiepiscopus
2093 1484 2309 1526 Ricardus

509 1561 621 1602 filius
654 1562 878 1616 Radulphi
912 1563 967 1604 de
999 1564 1317 1616 quaestionibus
1348 1563 1662 1605 Armenorum.

624 1648 672 1691 [p.
696 1649 787 1691 511.]
847 1642 1011 1684 Audivi
1041 1645 1156 1685 enim
1184 1644 1404 1697 quendam
1439 1644 1527 1685 fide
1554 1645 1736 1697 dignum
1765 1643 1984 1685 dicentem
2015 1658 2062 1685 se
2092 1645 2310 1687 audivisse

510 1722 622 1762 inter
644 1721 839 1763 Gentiles
868 1730 910 1764 et
941 1724 1182 1765 Saracenos
1210 1730 1299 1765 tres
1332 1738 1487 1766 causas
1513 1738 1648 1778 quare
1681 1724 1833 1766 nolunt
1864 1726 2056 1766 converti
2088 1727 2143 1767 ad
2176 1725 2310 1767 fidem

510 1802 553 1842 in
576 1801 669 1843 Xto
690 1802 806 1855 Jesu.
859 1803 962 1844 Una
983 1810 1048 1845 est
1070 1805 1299 1846 diversitas
1321 1811 1365 1846 et
1386 1805 1678 1846 contradiccio
1699 1805 1954 1859 opinionum
1975 1806 2088 1847 inter
2109 1805 2310 1858 Xtianos‚

510 1881 553 1922 in
589 1882 770 1923 diversis
807 1883 937 1924 sectis
969 1891 1012 1925 et
1044 1885 1087 1924 in
1119 1885 1299 1927 diversis
1337 1885 1544 1926 materiis.
1605 1885 1711 1926 Alia
1745 1899 1875 1927 causa
1910 1892 1988 1935 est,
2026 1886 2128 1940 quia
2160 1886 2311 1928 dicunt

513 1961 719 2004 Saraceni
748 1965 865 2016 quod
895 1964 1123 2006 manifeste
1153 1972 1276 2018 patet
1311 1966 1372 2006 eis
1403 1966 1446 2006 in
1474 1965 1650 2007 Xtianis
1677 1965 1931 2006 habundare
1959 1979 2092 2020 opera
2120 1966 2311 2020 pessima

511 2050 662 2084 contra
698 2043 831 2084 fidem
864 2057 995 2097 quam
1035 2045 1186 2086 Xtiani
1222 2047 1474 2099 praedicant,
1509 2052 1553 2087 et
1594 2046 1654 2087 sic
1690 2046 1822 2087 fidem
1859 2046 1993 2087 verbo
2029 2047 2310 2089 testificatam

510 2123 637 2165 factis
668 2124 757 2165 suis
788 2124 1061 2178 impugnant,
1084 2133 1127 2166 et
1156 2127 1387 2168 destruunt
1418 2127 1465 2168 in⁴
1492 2127 1656 2180 seipsis,
1678 2132 1722 2167 et
1752 2126 1812 2167 sic
1843 2140 1921 2180 per
1952 2126 2140 2168 Xtianos
2172 2127 2311 2170 malos

470 2187 474 2191 ⁴
512 2218 672 2246 nomen
713 2211 757 2246 et
799 2204 908 2245 fides
947 2204 1025 2245 Xti
1067 2206 1401 2260 blasphematur
1442 2207 1485 2248 in
1522 2207 1742 2261 gentibus,
1776 2206 1800 2248 i.
1814 2220 1850 2248 e.
1885 2207 1998 2248 inter
2031 2207 2231 2250 Gentiles
2266 2215 2311 2251 et

512 2284 766 2335 Saracenos,
797 2285 872 2338 qui
909 2285 1071 2334 dicunt,
1110 2287 1144 2326 si
1189 2288 1310 2329 Deus
1347 2287 1613 2330 Xtianorum
1648 2301 1774 2329 verus
1815 2293 1859 2329 et
1893 2287 2040 2342 justus
2077 2295 2202 2338 esset,
2235 2302 2311 2330 eos

510 2367 699 2419 graviter
738 2365 911 2419 puniret
953 2379 1031 2419 pro
1073 2381 1219 2408 eorum
1263 2368 1504 2410 manifestis
1540 2368 1788 2422 nequicciis.
1852 2368 1967 2410 Item
2012 2370 2146 2410 tercia
2181 2383 2312 2411 causa

511 2452 615 2494 erat,
637 2446 750 2500 quia,
774 2452 823 2487 ut
848 2446 999 2487 dicunt
1030 2445 1246 2499 Saraceni,
1279 2449 1431 2490 Xtiani
1463 2450 1640 2503 pessimi
1669 2456 1713 2490 et
1745 2448 1921 2491 fallaces
1951 2456 2052 2491 sunt
2083 2456 2127 2491 et
2159 2449 2311 2502 dolosi,

512 2533 560 2567 ut
596 2533 720 2580 patet
757 2527 818 2567 eis
853 2526 1084 2567 manifeste
1121 2527 1164 2567 in
1197 2528 1392 2579 Venetis,
1427 2536 1469 2571 et
1506 2531 1549 2570 in
1585 2529 1682 2571 aliis
1718 2530 1895 2571 Xtianis
1930 2530 1991 2571 eis
2025 2530 2176 2572 vicinis
2211 2543 2311 2572 cum

511 2606 668 2659 quibus
710 2605 973 2648 contrahunt
1021 2612 1065 2647 et
1106 2607 1222 2649 facta
1263 2609 1441 2662 faciunt,
1483 2616 1528 2652 et
1572 2610 1822 2652 consimiles
1870 2610 1930 2652 eis
1965 2610 2164 2663 judicant
2203 2610 2312 2652 alios

517 2684 704 2728 Xtianos
734 2687 836 2729 fore.

629 2773 680 2815 [p.
706 2773 800 2817 519]
864 2767 975 2808 Haec
1008 2767 1210 2808 dominus
1249 2768 1567 2811 Lincolniensis
1605 2772 1646 2812 in
1680 2771 1975 2824 Exposicione
2011 2784 2089 2812 sua
2126 2770 2308 2823 propria,
