2456 3210
438 203 492 246 32
947 196 1080 233 LOCI
1113 197 1153 231 E
1191 197 1355 232 LIBRO
1403 196 1750 233 VERJTATUM.

442 336 529 387 fel3
574 338 670 391 ipse
700 338 817 379 enim
850 337 1129 391 Reginaldus
1156 336 1303 378 Pecok
1335 337 1566 391 episcopus
1596 342 1701 379 tunc
1727 337 1995 379 Assavensis‘
2021 338 2064 379 in
2085 337 2250 380 wallia

441 419 657 460 concessit
689 418 933 460 Londoniis
962 419 1122 473 palam,
1156 419 1276 472 quod
1308 418 1500 472 episcopi
1530 424 1736 460 tenentur
1755 419 2004 473 praedicare,
2032 419 2058 460 i.
2073 433 2109 460 e.
2140 419 2247 460 olim

442 500 708 541 tenebantur
747 500 997 553 praedicare,
1038 514 1098 541 sc.
1141 499 1319 553 quando
1362 499 1557 552 episcopi
1598 498 1773 541 fueru'nt
1819 500 1956 541 curati
2003 499 2247 541 immediati

443 580 670 621 constituti
717 581 759 620 in
808 580 1073 628 civitatibus,
1120 593 1208 620 non
1258 578 1472 620 habentes
1517 586 1690 623 curatos
1737 580 2018 622 immediatos
2067 581 2150 622 sub
2199 594 2251 622 se-

443 661 721 702 constitutos.
785 660 899 701 Haec
938 661 1117 702 dicebat
1158 659 1275 700 idem
1312 660 1556 714 episcopuS,
1590 660 1668 715 sed
1699 666 1854 714 postea
1885 660 2037 714 inquit,
2068 661 2252 714 quando

443 741 525 781 sub
553 742 769 795 episcopis
792 741 928 782 curati
958 741 1200 782 immediati
1228 741 1455 782 constituti
1484 746 1622 791 erant,
1640 741 1833 795 episcopi
1863 749 1954 783 non
1982 741 2254 783 tenebantur]

443 821 685 874 praedicare
721 821 825 874 quia
861 827 966 862 tunc
1002 820 1175 861 fuerunt
1207 826 1256 861 ut
1292 821 1496 875 episcopi,
1532 821 1560 862 i.
1574 835 1611 863 e.
1644 822 2051 875 superintendentes
2088 822 2291 864 curatis-*-

444 908 488 943 et
520 902 707 943 subditis
740 915 903 943 eorum.

559 988 610 1032 [p.
647 987 738 1031 360.]
820 981 860 1023 O
903 981 1110 1035 episcopi,
1149 981 1369 1023 attendite
1413 989 1458 1023 et
1498 982 1648 1024 videte
1685 983 1910 1036 quomodo
1946 983 2039 1037 jam
2079 984 2125 1025 in
2163 982 2249 1025 hoc

441 1069 642 1117 tempore
687 1077 767 1117 per
809 1063 1111 1103 concessiones
1157 1062 1339 1116 papales
1379 1069 1425 1105 et
1465 1063 1766 1117 indulgencias
1806 1063 1863 1104 ab
1906 1063 2002 1117 ipso
2037 1064 2252 1107 vocaliter

443 1157 672 1185 concessas
699 1144 824 1197 quasi
853 1148 950 1184 tota
980 1148 1175 1196 potestas
1203 1149 1347 1184 vestra
1371 1149 1439 1185 est
1464 1143 1684 1185 exhausta
1707 1149 1752 1185 et
1781 1145 1906 1198 quasi
1935 1145 2170 1196 destructa,
2202 1152 2249 1189 et

446 1238 554 1279 pura
574 1223 804 1278 vigilancia
825 1222 972 1264 videte
1000 1237 1056 1264 an
1085 1223 1169 1264 hoc
1199 1223 1287 1275 fiat,
1309 1223 1379 1265 vel
1407 1230 1590 1278 propter
1612 1224 1799 1265 abusum
1819 1230 1978 1265 vestrae
2002 1226 2252 1279 potestatis,-

438 1305 511 1346 ‹vel
548 1318 627 1359 per
655 1305 991 1358 usurpacionem
1020 1309 1065 1345 et
1098 1304 1384 1358 cupiditatem
1421 1304 1565 1347 Curiae
1603 1305 1820 1347 Romanae
1856 1313 1900 1346 et
1941 1305 2248 1350 Romanorum

443 1385 802 1428 curtesanoruml
883 1384 1040 1439 Nuper
1089 1386 1205 1426 enim
1250 1386 1350 1427 novi
1402 1387 1627 1441 quomodo
1678 1386 1908 1440 episcopus
1950 1384 2253 1438 Cicestrensis,‘

445 1467 661 1521 Magister
701 1466 918 1508 Ricardus
958 1465 1104 1519 Praty,
1145 1466 1300 1507 doctor
1339 1481 1475 1509 sacrae
1508 1466 1743 1520 theologiae
1784 1467 1987 1519 Oxoniae,
2024 1467 2252 1521 quendam

440 1548 649 1590 vicarium
682 1547 884 1602 pessimae
920 1546 1050 1587 famae
1082 1552 1127 1588 et
1159 1560 1348 1600 nequam
1380 1549 1484 1589 vitae
1518 1549 1917 1590 excommunicavit
1950 1555 1995 1590 et
2034 1548 2252 1591 beneficio

441 1629 642 1683 privavit,
677 1634 723 1670 et
758 1628 877 1669 idem
911 1627 1096 1668 vicarius
1131 1627 1275 1681 ipsum
1311 1630 1578 1683 episcopum,
1609 1635 1710 1683 post
1746 1628 1925 1683 longam
1957 1631 2251 1673 vexacionem

441 1710 485 1750 in
530 1708 663 1751 Curia
704 1709 760 1750 de
804 1706 1011 1748 Arcubus
1058 1706 1315 1760 Londoniae,
1359 1710 1607 1764 requirebat
1652 1710 1906 1764 episcopum
1951 1710 2248 1764 sub'magnis

441 1791 585 1844 poenis
608 1790 751 1844 ipsum
777 1788 1005 1829 absolvere
1032 1802 1058 1829 a
1084 1791 1306 1831 sentencia
1335 1791 1809 1833 excommunicacionis
1835 1791 1997 1833 virtute
2015 1791 2250 1844 potestatis

441 1870 698 1911 absolvendi
730 1880 949 1911 concessae
980 1883 1006 1910 a
1037 1883 1154 1923 papa
1185 1870 1390 1925 Eugenio
1418 1873 1664 1926 cuicunque
1701 1871 1879 1926 ydoneo
1919 1871 2139 1914 sacerdoti
2167 1885 2251 1926 pro

441 1951 637 2005 quolibet
668 1950 888 1992 existente
925 1949 981 1990 de
1013 1951 1279 2003 paternitate
1311 1953 1470 1993 domus
1507 1951 1659 1994 Sancti
1693 1950 1882 1993 Antonii
1915 1950 2171 2003 Londoniis,
2201 1957 2250 1996 et

442 2033 674 2087 episcopus
718 2040 943 2085 nunquam
992 2030 1077 2072 hoc
1117 2031 1219 2073 fecit
1263 2033 1341 2074 sed
1386 2033 1532 2087 ipsum
1576 2033 2008 2074 excommunicatum
2057 2032 2250 2086 privavit

441 2114 612 2163 vicaria,
648 2120 694 2155 et
736 2124 961 2166 nunquam
1001 2125 1079 2165 per
1114 2118 1318 2166 rogatum
1353 2113 1526 2155 comitis
1557 2111 1759 2154 Arundel
1795 2117 1840 2154 et
1873 2112 2059 2154 aliorum
2100 2113 2248 2167 ipsum

443 2195 645 2243 restituit,
680 2193 759 2235 sed
790 2207 818 2234 a
853 2193 1016 2234 diocesi
1052 2206 1131 2235 sua
1167 2207 1357 2248 nequam
1390 2207 1524 2248 pecus
1557 2191 1698 2247 ejecit,
1737 2192 1899 2244 dicens,
1936 2195 1945 2213 ‘
1965 2193 2077 2235 Haec
2105 2193 2248 2245 litera,

441 2288 575 2329 quam
604 2275 724 2326 dicis,
745 2273 826 2315 tibi
854 2287 1061 2316 concessa
1087 2288 1113 2315 a
1140 2288 1257 2329 papa
1286 2280 1464 2316 enervat
1490 2287 1668 2315 omnem
1697 2278 1962 2327 potestatem
1991 2287 2246 2317 concessam

441 2369 468 2396 a
505 2357 699 2397 Domino
736 2355 965 2409 episcopis,
1006 2356 1109 2408 quia
1151 2369 1209 2397 ex
1243 2355 1318 2396 illo
1352 2368 1561 2397 concessu
1593 2354 1789 2407 sequitur
1819 2355 1939 2408 quod
1974 2354 2247 2408 quiscunque

443 2436 582 2477 malus
630 2437 710 2478 erit
756 2434 984 2478 absolutus
1030 2435 1086 2476 ab
1130 2436 1348 2489 episcopo,
1396 2433 1511 2485 velit,
1560 2432 1669 2475 nolit
1714 2434 1956 2488 episcopus,
2000 2433 2071 2476 vel
2119 2433 2245 2476 aliter

444 2516 674 2570 episcopus
708 2517 899 2557 incurrat
940 2514 1152 2555 offensam
1194 2527 1322 2569 papae
1365 2520 1410 2555 et
1449 2513 1510 2554 sic
1551 2513 1780 2567 episcopus
1819 2513 2006 2568 quilibet
2043 2512 2246 2556 absolvet

444 2596 682 2648 pessimum
716 2597 935 2650 titasstfflm
966 2608 1046 2649 pro
1082 2596 1334 2636 ostensione
1365 2593 1498 2635 bullae
1532 2593 1703 2648 papalis
1736 2594 1826 2636 sive
1862 2607 2122 2649 quocunque
2155 2593 2244 2635 alio

447 2676 591 2717 medio
640 2677 848 2732 requisito
887 2675 945 2718 ad
991 2675 1316 2718 absolucionem
1367 2680 1558 2716 vestram
1606 2687 1754 2715 coram
1804 2675 2014 2716 Domino.
2102 2671 2243 2725 Item,’

447 2754 585 2807 inquit
626 2757 742 2798 idem
785 2757 1024 2812 episcopus,
1068 2761 1180 2797 ‘non
1228 2756 1423 2809 sequitur
1463 2769 1534 2796 me
1574 2755 1734 2796 debere
1774 2761 1819 2797 te
1864 2755 2098 2805 absolvere,
2139 2754 2242 2808 quia
