2456 3210
684 319 816 356 LOCJ
849 318 889 353 E
926 318 1093 354 LJBRO
1138 317 1341 353 VERJTA
1351 316 1485 353 TUM.
1906 304 1988 364 213

186 465 244 507 de
275 464 463 516 Exonia‚
495 464 704 519 magister
733 463 949 518 Georgius
980 462 1135 512 Nevel,
1168 462 1284 504 filius
1318 461 1491 504 comitis
1524 460 1695 511 Sarum,
1730 460 1845 502 dixit
1877 474 1989 514 prae·

187 545 308 587 dicto
357 545 577 599 episcopo,
619 545 665 586 in
713 550 914 598 tempore
957 557 1049 585 suae
1094 543 1452 594 examinacionis,
1489 543 1755 596 passionato,
1798 555 1875 583 seu
1926 542 1989 582 ira

187 631 425 676 commoto,
463 630 473 649 ‘
494 624 686 667 Domine
727 623 1013 673 Cicistrensis,
1046 624 1168 670 Deus
1203 637 1264 665 ex
1303 637 1384 665 suo
1414 623 1536 677 justo
1570 623 1737 677 judicio
1776 622 1871 664 vult
1910 635 1990 662 vos

188 705 285 747 haec
324 705 558 760 opprobria
592 719 753 760 magna
791 705 896 759 pati,
923 704 1028 759 quia
1065 719 1145 747 vos
1184 705 1365 758 indigne
1399 704 1528 746 valde
1568 703 1911 758 reprehendistis
1944 708 1991 744 et

190 785 384 839 negastis
420 797 515 826 esse
547 797 651 826 vera
684 783 848 837 scripta
882 783 1016 824 verba
1050 796 1130 837 per
1164 783 1344 825 beatum
1375 782 1663 836 Jeronimum‚
1696 788 1743 823 et
1774 781 1990 824 Sanctum

190 864 506 919 Augustinum‚
532 871 579 906 et
603 864 744 905 sancti
772 877 902 917 papae
931 862 1131 918 Gregorii
1161 863 1364 914 doctoris,
1396 870 1442 905 et
1470 864 1609 905 eciam
1641 876 1774 918 opera
1804 862 1990 904 aliorum

190 944 468 987 sanctorum?
518 944 579 988 Et
605 945 837 999 episcopus
858 943 1031 986 Pecock
1053 943 1330 986 Cicistrensis
1353 943 1470 985 dixit
1495 944 1635 985 electo
1663 943 1707 984 in
1735 943 1990 997 episcopum

193 1025 508 1075 Exoniensem,
532 1024 747 1067 ‘Poenitet
769 1038 841 1066 me
867 1024 930 1065 sic
957 1024 1191 1079 scripsisse,
1211 1024 1273 1065 sui
1302 1024 1418 1066 enim
1440 1038 1528 1066 non
1555 1024 1819 1066 sufficienter
1836 1023 1992 1065 videns

192 1107 237 1147 in
272 1103 492 1148 materiis.'
552 1105 721 1148 Omnes
756 1105 873 1146 enim
909 1104 1077 1146 domini
1113 1104 1380 1159 temporales
1415 1105 1548 1159 regni,
1578 1106 1652 1158 qui
1682 1111 1787 1146 tunc
1816 1103 1992 1145 fuerunt

193 1186 438 1228 Londoniis
477 1200 578 1228 cum
619 1199 722 1240 rege
763 1186 957 1228 Henrico
988 1186 1068 1236 VI,
1108 1186 1326 1240 optabant
1365 1187 1510 1240 ipsum
1551 1186 1807 1240 episcopum
1844 1184 1991 1227 Pecok

193 1266 356 1321 expelli
389 1267 447 1308 de
484 1267 619 1308 domo
654 1266 825 1308 concilii
860 1266 975 1320 regis
1010 1273 1055 1308 et
1092 1266 1383 1318 dominorum,
1422 1272 1467 1308 et
1501 1267 1563 1307 sic
1595 1265 1688 1315 fuit,
1721 1271 1767 1306 et
1802 1265 1991 1307 multum

193 1347 337 1389 infesti
372 1353 496 1389 erant
535 1347 575 1388 ei
610 1353 790 1401 propter
828 1347 1023 1388 diversas
1059 1360 1242 1397 caus-333
1285 1361 1374 1388 una
1408 1346 1502 1398 fuit,
1534 1348 1638 1400 quia
1673 1346 1846 1400 scripsit
1880 1346 1993 1388 tales

193 1427 433 1482 profundas
462 1428 667 1470 materias
697 1428 741 1469 in
765 1427 979 1482 Anglicis,
1003 1441 1102 1481 quae
1134 1428 1275 1481 magis
1303 1433 1421 1482 aptae
1452 1435 1577 1469 erant
1606 1428 1766 1469 laedere
1794 1427 1994 1482 legentes

194 1514 240 1550 et
277 1509 507 1551 audientes
547 1522 683 1563 quam
723 1508 809 1550 illis
856 1508 1079 1563 proficere.
1142 1508 1269 1559 Item,
1303 1509 1406 1562 quia
1444 1508 1617 1562 scripsit
1651 1507 1726 1549 ille
1760 1509 1993 1562 episcopus

193 1587 365 1631 literam
385 1603 511 1631 suam
532 1589 693 1644 Majori
715 1590 1060 1640 Londoniarum‚
1083 1588 1325 1644 Canyngys
1346 1589 1536 1641 nomine,
1557 1602 1692 1643 quam
1718 1587 1892 1631 literam
1916 1589 1993 1631 ille

195 1669 340 1723 Major
352 1669 597 1711 Londoniae
610 1670 729 1712 misit
742 1669 954 1723 praedicto
970 1669 1061 1722 regi
1073 1686 1083 1719 ;
1106 1683 1194 1723 qua
1208 1669 1335 1711 litera
1348 1670 1541 1723 episcopi
1555 1669 1701 1711 Pecok
1713 1670 1828 1713 lecta
1844 1684 1992 1713 coram

194 1764 295 1804 rege
326 1750 519 1792 Henrico
548 1750 690 1793 Sexto
727 1756 771 1792 et
803 1750 891 1791 suis
922 1751 1121 1799 dominis,
1152 1750 1341 1791 inventae
1371 1750 1544 1792 fuerunt
1581 1752 1625 1793 in
1658 1766 1710 1793 ea
1742 1752 1991 1800 evidenciae,

194 1845 271 1872 seu
301 1830 573 1885 conjecturae,
594 1845 671 1872 seu
702 1831 952 1885 probabiles
980 1832 1218 1880 suasiones,
1241 1832 1298 1872 ad
1330 1833 1625 1874 mutacionem
1650 1833 1753 1875 fidei
1784 1834 1828 1875 in
1856 1847 1995 1887 regno

194 1910 374 1964 Angliae
413 1918 458 1953 et
492 1913 630 1953 eciam
665 1913 724 1954 ad
758 1926 966 1966 magnam
1003 1912 1155 1966 populi
1188 1913 1231 1953 in
1266 1926 1400 1967 regno
1440 1914 1832 1966 perturbacionem,
1867 1921 1912 1956 et
1947 1913 1992 1955 in

195 1991 450 2034 scandalum
490 2006 749 2047 magnorum
789 1994 1066 2034 dominorum
1108 1994 1152 2033 in
1188 2006 1323 2047 regno
1354 2007 1465 2047 quos
1509 1995 1624 2036 dixit
1665 1995 1708 2036 in
1748 1995 1874 2036 litera
1912 2009 1993 2036 sua

196 2071 279 2125 ipsi
306 2071 511 2126 episcopo
538 2079 583 2114 et
609 2072 730 2114 libris
758 2074 845 2114 suis
866 2072 1127 2127 Anglicanis
1153 2071 1390 2115 adhaerere.
1437 2074 1564 2123 Item,
1587 2076 1806 2128 praecipue
1836 2089 1993 2128 provo-

196 2150 312 2193 cavit
350 2164 503 2193 omnoe
545 2153 749 2194 dominos
789 2152 1053 2206 temporales
1096 2159 1202 2194 tunc
1242 2153 1364 2207 regni
1405 2154 1449 2195 in
1489 2155 1640 2196 odium
1675 2155 1811 2208 ipsius
1848 2155 1992 2196 Pecok

197 2231 404 2286 episcopi,
436 2233 555 2286 quod
595 2235 783 2276 mutavit
826 2233 1063 2275 simbolum
1105 2240 1299 2275 nostrum
1340 2247 1575 2276 commune
1611 2236 1728 2288 quod
1763 2235 1993 2276 ediderunt

196 2312 388 2366 apostoli
419 2312 599 2355 Domini
628 2315 765 2356 nostri
793 2314 900 2368 Jesu
933 2315 1027 2356 Xti.
1091 2315 1193 2368 Ipse
1226 2314 1343 2355 enim
1374 2315 1520 2357 Pecok
1557 2316 1785 2369 episcopus
1819 2316 1993 2369 scripsit

198 2399 243 2434 et
273 2392 389 2434 dixit
418 2393 538 2446 quod
563 2394 752 2447 apostoli
781 2409 871 2436 non
895 2394 1089 2436 fecerunt
1118 2394 1227 2436 illud
1257 2394 1495 2436 cimbolum
1524 2401 1721 2437 nostrum
1746 2409 1991 2444 commune,

199 2478 245 2514 et
274 2472 468 2514 diversos
493 2473 699 2516 articulos
723 2475 769 2516 in
796 2475 872 2517 illo
899 2475 1090 2517 cimbolo
1121 2475 1299 2528 negavit
1323 2475 1468 2517 verbis
1496 2476 1585 2517 suis
1613 2483 1658 2517 et
1681 2475 1853 2529 scriptis
1881 2476 1991 2526 suis3

199 2559 246 2594 et
279 2552 380 2594 ideo
409 2565 572 2594 novum
601 2553 840 2596 cimbolum
870 2567 1081 2609 magnum
1112 2560 1156 2596 et
1186 2554 1367 2608 longum
1397 2555 1442 2597 in
1468 2555 1670 2609 Anglicis
1699 2554 1842 2596 verbis
1872 2569 1994 2597 com-

198 2632 358 2687 posuit,
395 2632 515 2685 quod
549 2632 840 2687 dampnatum
871 2635 953 2676 fuit
983 2634 1239 2686 Londoniis,
1272 2641 1323 2676 ut
1356 2649 1437 2689 pro
1473 2635 1594 2676 nullo
1629 2634 1818 2676 cimbolo
1857 2634 1992 2677 habe-

200 2717 319 2753 retur
347 2724 428 2752 nec
458 2711 767 2764 nominaretur,
786 2715 1046 2756 auctoritate
1074 2713 1388 2769 archiepiscopi
1421 2714 1747 2756 Cantuariensis
1778 2721 1822 2756 et
1852 2715 1991 2757 eciam

201 2790 495 2832 Eboracensis
526 2796 572 2832 et
605 2790 791 2833 aliorum
819 2794 1060 2836 multorum
1097 2795 1414 2848 episcoporum,
1450 2808 1550 2848 quae
1581 2794 1842 2847 dampnacio
1877 2794 1993 2837 lecta

199 2869 283 2913 suit
317 2869 561 2912 Londoniis
594 2884 674 2925 per
706 2871 933 2916 doctorem
966 2873 1206 2928 Pynchbek
1238 2874 1295 2916 ad
1332 2888 1501 2917 crucem
1536 2873 1686 2916 Sancti
1722 2873 1843 2915 Pauli
1874 2889 1992 2917 anno
