2456 3210
677 262 808 299 LOCI
842 263 882 297 E
920 263 1086 299 LIBRO
1132 263 1472 300 VERITATUJI.
1925 272 1975 314 71

178 403 374 459 pluribus
416 405 521 447 locis
566 405 824 447 Xtianitatis
866 406 986 448 nulla
1029 406 1110 448 fuit
1158 407 1313 449 divisio
1363 407 1681 462 parochiarum,
1718 410 1797 451 sed
1842 424 1977 450 unus-

178 486 376 540 quisque,
394 486 506 528 sicut
527 486 570 528 in
591 493 790 540 tempore
804 487 1010 540 Judicum
1026 488 1170 539 Israel,
1185 490 1369 565 acgessit
1389 490 1447 530 ad
1468 490 1744 532 sacerdotem
1766 491 1823 532 ad
1841 504 1974 544 quem

177 566 312 609 vellet
331 568 552 619 accedere,
573 574 618 610 et
646 567 704 609 ab
724 581 778 609 eo
805 569 968 621 recepit
995 535 1085 610 ἐξ
1166 538 1348 619 ἕῐῖῐειῗεῐ
1369 571 1718 621 instruccionem,
1740 578 1786 613 et
1806 585 1976 613 correc-

178 649 361 696 cionem,
383 656 429 690 et
459 649 603 690 eidem
633 649 757 690 dedit
786 662 887 690 suas
917 650 1061 691 decim
1113 684 1123 701 ‚
1144 657 1190 692 et
1218 651 1458 705 aliquando
1480 660 1662 706 propter
1685 652 1882 694 favorem
1903 652 1976 693 vel

177 730 446 784 placenciam
470 729 647 772 alterius
666 730 904 772 sacerdotis
929 732 1112 773 retraxit
1132 746 1180 773 se
1198 746 1225 773 a
1245 733 1376 786 priori
1397 733 1634 783 sacerdote,
1658 740 1703 775 et
1723 734 1907 775 contulit
1928 747 1976 774 se

178 818 224 852 et
245 811 439 852 decimas
458 825 558 852 suas
579 811 622 852 in
643 824 799 852 manus
822 811 1000 854 alterius
1023 814 1271 863 sacerdotis,
1292 822 1336 855 et
1357 815 1419 856 sic
1440 813 1636 856 confusio
1657 814 1739 856 fuit
1760 822 1805 856 et
1827 815 1975 855 multi-

177 891 285 945 plex
323 892 493 933 occasio
529 892 780 944 multiplicis
815 892 931 943 mali,
964 907 1023 934 ex
1059 908 1113 935 eo
1144 895 1264 948 quod
1300 894 1381 936 suit
1422 896 1687 937 incertitudo
1723 903 1974 937 curatorum

177 973 345 1026 absque
367 972 579 1014 divisione
598 971 899 1026 parochiarum
921 973 965 1014 in
985 974 1166 1015 diversis
1186 974 1304 1026 locis,
1327 982 1371 1017 et
1393 975 1494 1017 ideo
1515 975 1746 1017 concilium
1768 976 1975 1030 generale

176 1053 429 1108 generalem
463 1053 618 1095 statuit
657 1053 916 1095 divisionem
951 1054 1255 1108 parochiarum
1291 1069 1370 1109 per
1405 1056 1693 1097 universalem
1732 1056 1974 1107 ecclesiam,

177 1136 377 1188 quamvis
396 1134 496 1176 talis
526 1135 680 1176 divisio
710 1133 1012 1187 parochiarum
1043 1136 1086 1176 in
1111 1135 1308 1189 pluribus
1334 1136 1441 1177 locis
1466 1137 1585 1190 prius
1606 1136 1686 1177 fuit
1709 1137 1751 1177 in
1776 1143 1975 1191 tempore

174 1215 487 1269 apostolorum,
507 1223 556 1256 ut
585 1221 803 1256 testantur
831 1215 1034 1256 doctores
1063 1229 1194 1269 super
1223 1217 1436 1270 praedicto
1466 1223 1595 1258 textu
1618 1216 1816 1258 Actuum
1843 1218 1972 1270 xiiij0.

174 1294 303 1348 Juste
321 1302 470 1337 autem
490 1301 535 1337 et
555 1302 705 1337 sancte
725 1302 925 1346 rectores,
946 1295 1255 1337 habundantes
1275 1297 1320 1337 in
1347 1297 1465 1337 bona
1487 1297 1580 1350 ejus
1602 1295 1700 1352 (sic)
1721 1298 1893 1347 oblatis,
1916 1301 1974 1340 de

175 1376 447 1430 parochianis
463 1376 555 1419 suis
575 1376 791 1417 dederunt
820 1376 983 1417 sanctis
1003 1377 1276 1430 pauperibus,
1298 1383 1343 1418 et
1365 1378 1528 1419 sanctis
1552 1378 1775 1419 monachis
1796 1379 1870 1432 qui
1891 1394 1970 1421 sua

176 1462 222 1497 et
250 1463 374 1498 actus
403 1462 598 1498 terrenos
628 1470 707 1510 pro
738 1456 831 1498 Xto
862 1456 1138 1509 reliquerant,
1165 1464 1213 1498 ut
1243 1470 1358 1498 verae
1390 1458 1635 1510 cognicioni
1669 1465 1714 1500 et
1743 1458 1971 1501 affeccioni

174 1536 417 1578 divinarum
447 1550 588 1578 rerum
621 1537 797 1578 liberius
826 1544 1043 1578 vacarent.
1105 1537 1176 1578 De
1216 1537 1342 1578 bonis
1377 1538 1467 1578 suis
1493 1537 1590 1590 jure
1626 1546 1839 1592 perpetuo
1869 1554 1972 1581 con-

174 1616 369 1658 tulerunt
399 1624 447 1659 ut
478 1631 629 1659 eorum
658 1617 1095 1671 superhabundancia
1125 1617 1296 1658 illorum
1328 1617 1540 1659 relevaret
1571 1618 1793 1672 inopiam;
1835 1627 1879 1662 et
1910 1622 1972 1662 sic

174 1697 401 1751 apostolus
427 1698 704 1740 beatissimus
726 1697 886 1739 Paulus
910 1697 1138 1739 laborabat
1168 1697 1371 1738 manibus
1400 1698 1488 1739 suis
1518 1698 1626 1740 citra
1653 1706 1829 1753 tempus
1860 1715 1970 1754 prae-

175 1777 364 1828 dicandi,
394 1777 621 1829 scribendi,
654 1785 699 1819 et
730 1779 896 1828 orandi,
927 1792 983 1819 ne
1014 1777 1205 1831 aliquem
1236 1786 1449 1831 gravaret,
1480 1778 1596 1821 bona
1629 1780 1889 1834 recipiendo,
1918 1789 1967 1824 ut

175 1856 525 1909 patet'Actuum
554 1858 775 1907 vicesimo,
806 1864 851 1899 et
885 1858 942 1899 ad
974 1857 1355 1900 Tessalonicenses
1385 1860 1579 1900 secundo
1616 1861 1822 1914 capitulo.
1896 1862 1970 1904 Sic

176 1937 316 1978 macti
346 1937 423 1978 viri
454 1945 499 1979 et
530 1937 744 1987 monachi,
766 1952 822 1979 ne
850 1952 984 1992 quem
1015 1945 1257 1991 gravarent,
1278 1938 1396 1980 bona
1425 1939 1520 1992 ejus
1549 1941 1817 1994 accipiendo,
1839 1949 1883 1983 et
1915 1957 1969 1982 ne

175 2017 327 2058 debita
346 2030 477 2071 opera
498 2032 576 2071 pro
596 2018 880 2059 offerentibus
900 2018 1011 2059 sorte
1031 2019 1298 2067 omitterent,
1318 2019 1389 2060 vel
1417 2019 1543 2060 bonis
1571 2020 1733 2062 oblatis
1754 2022 1966 2075 implicati

177 2103 223 2138 et
243 2096 441 2150 impediti
471 2104 614 2139 essent
643 2098 702 2139 ab
731 2098 903 2140 actibus
932 2098 1148 2148 virtuosis,
1170 2099 1371 2139 manibus
1401 2099 1490 2140 suis
1520 2107 1719 2154 tempore
1749 2108 1967 2155 oportuno

174 2176 447 2224 laborabant,
478 2179 594 2219 unde
626 2178 820 2219 viverent
861 2184 906 2219 et
942 2178 1058 2219 unde
1092 2184 1267 2220 sanctos
1305 2178 1439 2220 libros
1471 2181 1720 2228 scriberent,
1757 2188 1804 2222 ut
1840 2189 1964 2234 patet

175 2257 220 2297 in
259 2255 458 2310 Epistola
498 2256 648 2299 Sancti
675 2258 885 2312 Jeronimi
920 2259 977 2299 ad
1011 2257 1289 2300 Cromacium
1326 2267 1370 2301 et
1409 2259 1700 2302 Heliodorum
1736 2262 1965 2315 episcopos

174 2338 232 2377 de
270 2337 523 2378 invencione
563 2338 796 2391 martilogii
836 2351 915 2391 per
955 2338 1196 2379 Eusebium
1232 2337 1546 2381 Caesariensem
1588 2342 1852 2394 episcopum,
1890 2343 1964 2383 ubi

175 2417 364 2459 Sanctus
383 2417 629 2470 Jeronimus
651 2425 847 2467 testatur,
868 2419 983 2472 quod
1008 2418 1215 2471 praesatus
1237 2419 1468 2474 episcopus
1490 2420 1707 2461 Eusebius
1738 2423 1964 2474 respondit

174 2497 437 2550 imperatori,
461 2496 608 2550 plures
640 2499 893 2540 dotaciones
924 2499 1118 2540 ecclesiae
1154 2513 1245 2539 suae
1277 2498 1532 2542 Caesariensi
1565 2500 1775 2548 offerenti,
1807 2500 1962 2542 ‘Suffi-

173 2577 338 2626 ciencia
371 2575 594 2627 habemus,
626 2584 670 2618 et
710 2578 808 2619 ideo
846 2578 995 2620 oblata
1035 2592 1114 2631 per
1153 2586 1198 2619 te
1238 2592 1327 2620 non
1362 2580 1616 2633 recipimus;
1661 2580 1770 2620 alios
1811 2588 1960 2623 autem

172 2658 495 2711 dispensatores
525 2662 571 2697 et
602 2657 821 2698 ministros
852 2659 1067 2699 bonorum
1100 2659 1254 2700 talium
1285 2673 1456 2712 quaeras
1476 2658 1511 2710 ;'
1552 2667 1596 2700 et
1629 2661 1671 2700 in
1703 2660 1793 2701 vita
1826 2660 1962 2703 Sanc-

173 2737 329 2779 tissimi
371 2736 563 2785 Martini,
603 2742 718 2778 teste
760 2737 968 2791 Sulpicio,
1007 2739 1229 2792 reperitur,
1266 2741 1383 2793 quod
1430 2740 1541 2780 inter
1581 2740 1819 2781 monachos
1858 2755 1961 2783 suos

173 2829 411 2871 pauperem
431 2815 567 2856 vitam
588 2815 807 2867 ducentes,
827 2817 900 2870 qui
921 2818 1039 2871 prius
1068 2820 1111 2859 in
1132 2820 1222 2860 vita
1251 2819 1446 2860 saeculari
1479 2826 1525 2859 ut
1556 2819 1722 2859 domini
1747 2821 1960 2874 vixerant,
