<?xml version="1.0" encoding="UTF-8"?>
<!DOCTYPE html PUBLIC "-//W3C//DTD XHTML 1.0 Transitional//EN"
    "http://www.w3.org/TR/xhtml1/DTD/xhtml1-transitional.dtd">
<html xmlns="http://www.w3.org/1999/xhtml" xml:lang="en" lang="en">
 <head>
  <title>
</title>
<meta http-equiv="Content-Type" content="text/html;charset=utf-8" />
  <meta name='ocr-system' content='tesseract 3.04.00' />
  <meta name='ocr-capabilities' content='ocr_page ocr_carea ocr_par ocr_line ocrx_word'/>
</head>
<body>
  <div class='ocr_page' id='page_1' title='image "./locielibroverita00gascuoft_0248.png"; bbox 0 0 2456 3210; ppageno 0'>
   <div class='ocr_carea' id='block_1_1' title="bbox 501 278 1795 330">
    <p class='ocr_par' dir='ltr' id='par_1_1' title="bbox 501 278 1795 330">
     <span class='ocr_line' id='line_1_1' title="bbox 501 278 1795 330; baseline 0 -12"><span class='ocrx_word' id='word_1_1' title='bbox 501 278 579 330; x_wconf 86' lang='lat'>146</span> <span class='ocrx_word' id='word_1_2' title='bbox 997 284 1128 318; x_wconf 86' lang='lat' dir='ltr'><em>LOCI</em></span> <span class='ocrx_word' id='word_1_3' title='bbox 1163 283 1201 317; x_wconf 88' lang='lat' dir='ltr'><em>E</em></span> <span class='ocrx_word' id='word_1_4' title='bbox 1240 283 1404 318; x_wconf 86' lang='lat' dir='ltr'><em>LIBRO</em></span> <span class='ocrx_word' id='word_1_5' title='bbox 1453 278 1795 320; x_wconf 78' lang='lat' dir='ltr'><em>VERJTATUM.</em></span> 
     </span>
    </p>
   </div>
   <div class='ocr_carea' id='block_1_2' title="bbox 495 425 2311 2894">
    <p class='ocr_par' dir='ltr' id='par_1_2' title="bbox 495 425 2304 1354">
     <span class='ocr_line' id='line_1_2' title="bbox 497 425 2300 480; baseline -0.001 -13"><span class='ocrx_word' id='word_1_6' title='bbox 497 440 598 468; x_wconf 91' lang='lat' dir='ltr'>eum</span> <span class='ocrx_word' id='word_1_7' title='bbox 628 425 852 468; x_wconf 84' lang='lat' dir='ltr'>tradam?&#39;</span> <span class='ocrx_word' id='word_1_8' title='bbox 896 432 941 468; x_wconf 90' lang='lat' dir='ltr'>et</span> <span class='ocrx_word' id='word_1_9' title='bbox 975 428 1156 469; x_wconf 91' lang='lat' dir='ltr'>tradunt</span> <span class='ocrx_word' id='word_1_10' title='bbox 1196 427 1365 468; x_wconf 91' lang='lat' dir='ltr'>animas</span> <span class='ocrx_word' id='word_1_11' title='bbox 1401 426 1481 467; x_wconf 91' lang='lat' dir='ltr'>Xti</span> <span class='ocrx_word' id='word_1_12' title='bbox 1523 426 1734 479; x_wconf 89' lang='lat' dir='ltr'>sanguine</span> <span class='ocrx_word' id='word_1_13' title='bbox 1769 425 2021 480; x_wconf 90' lang='lat' dir='ltr'>redemptas</span> <span class='ocrx_word' id='word_1_14' title='bbox 2060 426 2104 466; x_wconf 90' lang='lat' dir='ltr'>in</span> <span class='ocrx_word' id='word_1_15' title='bbox 2145 438 2300 466; x_wconf 90' lang='lat' dir='ltr'>manus</span> 
     </span>
     <span class='ocr_line' id='line_1_3' title="bbox 495 506 2300 562; baseline -0.001 -14"><span class='ocrx_word' id='word_1_16' title='bbox 495 507 712 562; x_wconf 87' lang='lat' dir='ltr'>luporum,</span> <span class='ocrx_word' id='word_1_17' title='bbox 753 507 827 561; x_wconf 89' lang='lat' dir='ltr'>qui</span> <span class='ocrx_word' id='word_1_18' title='bbox 878 521 981 548; x_wconf 86' lang='lat' dir='ltr'>oves</span> <span class='ocrx_word' id='word_1_19' title='bbox 1028 508 1218 562; x_wconf 91' lang='lat' dir='ltr'>rapiunt,</span> <span class='ocrx_word' id='word_1_20' title='bbox 1260 513 1304 549; x_wconf 91' lang='lat' dir='ltr'>et</span> <span class='ocrx_word' id='word_1_21' title='bbox 1351 507 1620 561; x_wconf 85' lang='lat' dir='ltr'>dispergunt,</span> <span class='ocrx_word' id='word_1_22' title='bbox 1664 512 1708 548; x_wconf 93' lang='lat' dir='ltr'>et</span> <span class='ocrx_word' id='word_1_23' title='bbox 1759 519 1847 547; x_wconf 92' lang='lat' dir='ltr'>non</span> <span class='ocrx_word' id='word_1_24' title='bbox 1894 519 1968 547; x_wconf 91' lang='lat' dir='ltr'>eas</span> <span class='ocrx_word' id='word_1_25' title='bbox 2015 506 2212 548; x_wconf 90' lang='lat' dir='ltr'>nutriunt</span> <span class='ocrx_word' id='word_1_26' title='bbox 2248 506 2300 546; x_wconf 76' lang='lat' dir='ltr'>in</span> 
     </span>
     <span class='ocr_line' id='line_1_4' title="bbox 496 582 2299 642; baseline -0.002 -13"><span class='ocrx_word' id='word_1_27' title='bbox 496 588 689 642; x_wconf 80' lang='lat' dir='ltr'>pasturis</span> <span class='ocrx_word' id='word_1_28' title='bbox 729 587 833 642; x_wconf 89' lang='lat' dir='ltr'>Jesu</span> <span class='ocrx_word' id='word_1_29' title='bbox 875 587 956 629; x_wconf 91' lang='lat' dir='ltr'>Xti</span> <span class='ocrx_word' id='word_1_30' title='bbox 999 588 1146 640; x_wconf 90' lang='lat' dir='ltr'>verbo,</span> <span class='ocrx_word' id='word_1_31' title='bbox 1188 593 1342 629; x_wconf 89' lang='lat' dir='ltr'>sancto</span> <span class='ocrx_word' id='word_1_32' title='bbox 1393 587 1614 642; x_wconf 87' lang='lat' dir='ltr'>exemplo,</span> <span class='ocrx_word' id='word_1_33' title='bbox 1654 588 1772 629; x_wconf 93' lang='lat' dir='ltr'>bono</span> <span class='ocrx_word' id='word_1_34' title='bbox 1817 593 1861 629; x_wconf 88' lang='lat' dir='ltr'>et</span> <span class='ocrx_word' id='word_1_35' title='bbox 1907 586 2089 628; x_wconf 88' lang='lat' dir='ltr'>auxilio.</span> <span class='ocrx_word' id='word_1_36' title='bbox 2166 582 2299 627; x_wconf 86' lang='lat' dir='ltr'>Heu!</span> 
     </span>
     <span class='ocr_line' id='line_1_5' title="bbox 496 666 2301 722; baseline -0.001 -13"><span class='ocrx_word' id='word_1_37' title='bbox 496 667 611 710; x_wconf 91' lang='lat' dir='ltr'>heu!</span> <span class='ocrx_word' id='word_1_38' title='bbox 663 674 903 722; x_wconf 84' lang='lat' dir='ltr'>posuerunt</span> <span class='ocrx_word' id='word_1_39' title='bbox 946 667 1191 721; x_wconf 83' lang='lat' dir='ltr'>Jerusalem</span> <span class='ocrx_word' id='word_1_40' title='bbox 1241 668 1285 709; x_wconf 93' lang='lat' dir='ltr'>in</span> <span class='ocrx_word' id='word_1_41' title='bbox 1333 668 1580 709; x_wconf 85' lang='lat' dir='ltr'>custodiam</span> <span class='ocrx_word' id='word_1_42' title='bbox 1631 681 1846 709; x_wconf 79' lang='lat' dir='ltr'>caecorum</span> <span class='ocrx_word' id='word_1_43' title='bbox 1894 673 1939 709; x_wconf 93' lang='lat' dir='ltr'>et</span> <span class='ocrx_word' id='word_1_44' title='bbox 1989 666 2206 708; x_wconf 88' lang='lat' dir='ltr'>ebriorum</span> <span class='ocrx_word' id='word_1_45' title='bbox 2257 670 2301 707; x_wconf 90' lang='lat' dir='ltr'>et</span> 
     </span>
     <span class='ocr_line' id='line_1_6' title="bbox 498 748 2303 802; baseline -0.001 -13"><span class='ocrx_word' id='word_1_46' title='bbox 498 762 614 790; x_wconf 86' lang='lat' dir='ltr'>curae</span> <span class='ocrx_word' id='word_1_47' title='bbox 649 762 736 790; x_wconf 90' lang='lat' dir='ltr'>non</span> <span class='ocrx_word' id='word_1_48' title='bbox 769 749 1034 800; x_wconf 88' lang='lat' dir='ltr'>vacantium,</span> <span class='ocrx_word' id='word_1_49' title='bbox 1066 755 1110 790; x_wconf 92' lang='lat' dir='ltr'>et</span> <span class='ocrx_word' id='word_1_50' title='bbox 1147 748 1390 790; x_wconf 89' lang='lat' dir='ltr'>excludunt</span> <span class='ocrx_word' id='word_1_51' title='bbox 1428 762 1502 789; x_wconf 92' lang='lat' dir='ltr'>eos</span> <span class='ocrx_word' id='word_1_52' title='bbox 1537 748 1612 802; x_wconf 92' lang='lat' dir='ltr'>qui</span> <span class='ocrx_word' id='word_1_53' title='bbox 1649 748 1802 799; x_wconf 89' lang='lat' dir='ltr'>sciunt,</span> <span class='ocrx_word' id='word_1_54' title='bbox 1833 754 2029 802; x_wconf 86' lang='lat' dir='ltr'>possunt,</span> <span class='ocrx_word' id='word_1_55' title='bbox 2061 753 2110 789; x_wconf 92' lang='lat' dir='ltr'>ut</span> <span class='ocrx_word' id='word_1_56' title='bbox 2144 752 2303 801; x_wconf 87' lang='lat' dir='ltr'>optant</span> 
     </span>
     <span class='ocr_line' id='line_1_7' title="bbox 499 827 2302 883; baseline -0.002 -13"><span class='ocrx_word' id='word_1_57' title='bbox 499 829 639 883; x_wconf 84' lang='lat' dir='ltr'>magis</span> <span class='ocrx_word' id='word_1_58' title='bbox 684 828 916 870; x_wconf 84' lang='lat' dir='ltr'>animabus</span> <span class='ocrx_word' id='word_1_59' title='bbox 964 830 1184 883; x_wconf 86' lang='lat' dir='ltr'>prodesse.</span> <span class='ocrx_word' id='word_1_60' title='bbox 1254 829 1389 871; x_wconf 88' lang='lat' dir='ltr'>Heu!</span> <span class='ocrx_word' id='word_1_61' title='bbox 1441 829 1557 883; x_wconf 91' lang='lat' dir='ltr'>quia,</span> <span class='ocrx_word' id='word_1_62' title='bbox 1611 835 1660 870; x_wconf 92' lang='lat' dir='ltr'>ut</span> <span class='ocrx_word' id='word_1_63' title='bbox 1710 829 1822 880; x_wconf 89' lang='lat' dir='ltr'>novi,</span> <span class='ocrx_word' id='word_1_64' title='bbox 1863 842 1975 869; x_wconf 91' lang='lat' dir='ltr'>unus</span> <span class='ocrx_word' id='word_1_65' title='bbox 2020 827 2195 881; x_wconf 86' lang='lat' dir='ltr'>juvenis</span> <span class='ocrx_word' id='word_1_66' title='bbox 2234 839 2302 868; x_wconf 88' lang='lat' dir='ltr'>xx</span> 
     </span>
     <span class='ocr_line' id='line_1_8' title="bbox 498 909 2302 964; baseline -0.001 -14"><span class='ocrx_word' id='word_1_67' title='bbox 498 923 711 951; x_wconf 86' lang='lat' dir='ltr'>annorum</span> <span class='ocrx_word' id='word_1_68' title='bbox 748 909 873 963; x_wconf 84' lang='lat' dir='ltr'>quasi</span> <span class='ocrx_word' id='word_1_69' title='bbox 906 910 1103 964; x_wconf 89' lang='lat' dir='ltr'>quotidie</span> <span class='ocrx_word' id='word_1_70' title='bbox 1145 910 1300 962; x_wconf 87' lang='lat' dir='ltr'>ebrius,</span> <span class='ocrx_word' id='word_1_71' title='bbox 1335 909 1471 952; x_wconf 91' lang='lat' dir='ltr'>habet</span> <span class='ocrx_word' id='word_1_72' title='bbox 1506 909 1567 963; x_wconf 86' lang='lat' dir='ltr'>xij</span> <span class='ocrx_word' id='word_1_73' title='bbox 1610 909 1882 963; x_wconf 84' lang='lat' dir='ltr'>praebendas,</span> <span class='ocrx_word' id='word_1_74' title='bbox 1922 915 1968 951; x_wconf 89' lang='lat' dir='ltr'>et</span> <span class='ocrx_word' id='word_1_75' title='bbox 2002 922 2137 950; x_wconf 89' lang='lat' dir='ltr'>unum</span> <span class='ocrx_word' id='word_1_76' title='bbox 2178 916 2302 961; x_wconf 89' lang='lat' dir='ltr'>mag-</span> 
     </span>
     <span class='ocr_line' id='line_1_9' title="bbox 498 990 2304 1044; baseline -0.001 -13"><span class='ocrx_word' id='word_1_77' title='bbox 498 1004 603 1031; x_wconf 87' lang='lat' dir='ltr'>num</span> <span class='ocrx_word' id='word_1_78' title='bbox 629 990 1042 1042; x_wconf 88' lang='lat' dir='ltr'>archidiaconatum,</span> <span class='ocrx_word' id='word_1_79' title='bbox 1064 998 1107 1032; x_wconf 90' lang='lat' dir='ltr'>et</span> <span class='ocrx_word' id='word_1_80' title='bbox 1136 998 1287 1033; x_wconf 91' lang='lat' dir='ltr'>tamen</span> <span class='ocrx_word' id='word_1_81' title='bbox 1319 1005 1407 1032; x_wconf 92' lang='lat' dir='ltr'>non</span> <span class='ocrx_word' id='word_1_82' title='bbox 1441 991 1600 1032; x_wconf 88' lang='lat' dir='ltr'>residet</span> <span class='ocrx_word' id='word_1_83' title='bbox 1631 991 1675 1031; x_wconf 92' lang='lat' dir='ltr'>in</span> <span class='ocrx_word' id='word_1_84' title='bbox 1706 990 1856 1044; x_wconf 90' lang='lat' dir='ltr'>aliqua</span> <span class='ocrx_word' id='word_1_85' title='bbox 1887 1003 2048 1040; x_wconf 91' lang='lat' dir='ltr'>earum,</span> <span class='ocrx_word' id='word_1_86' title='bbox 2069 1002 2150 1031; x_wconf 87' lang='lat' dir='ltr'>nec</span> <span class='ocrx_word' id='word_1_87' title='bbox 2180 993 2304 1030; x_wconf 92' lang='lat' dir='ltr'>tenet</span> 
     </span>
     <span class='ocr_line' id='line_1_10' title="bbox 496 1069 2304 1124; baseline -0.001 -13"><span class='ocrx_word' id='word_1_88' title='bbox 496 1071 754 1124; x_wconf 86' lang='lat' dir='ltr'>hospitium,</span> <span class='ocrx_word' id='word_1_89' title='bbox 795 1071 874 1112; x_wconf 89' lang='lat' dir='ltr'>sed</span> <span class='ocrx_word' id='word_1_90' title='bbox 916 1072 1074 1113; x_wconf 86' lang='lat' dir='ltr'>transit</span> <span class='ocrx_word' id='word_1_91' title='bbox 1118 1073 1174 1113; x_wconf 88' lang='lat' dir='ltr'>ad</span> <span class='ocrx_word' id='word_1_92' title='bbox 1219 1084 1476 1113; x_wconf 91' lang='lat' dir='ltr'>communas</span> <span class='ocrx_word' id='word_1_93' title='bbox 1512 1084 1613 1113; x_wconf 91' lang='lat' dir='ltr'>cum</span> <span class='ocrx_word' id='word_1_94' title='bbox 1653 1070 1750 1119; x_wconf 86' lang='lat' dir='ltr'>alio,</span> <span class='ocrx_word' id='word_1_95' title='bbox 1793 1084 1872 1112; x_wconf 88' lang='lat' dir='ltr'>nec</span> <span class='ocrx_word' id='word_1_96' title='bbox 1914 1070 2067 1124; x_wconf 90' lang='lat' dir='ltr'>recipit</span> <span class='ocrx_word' id='word_1_97' title='bbox 2107 1069 2304 1111; x_wconf 89' lang='lat' dir='ltr'>redditus</span> 
     </span>
     <span class='ocr_line' id='line_1_11' title="bbox 500 1148 2303 1205; baseline -0.001 -13"><span class='ocrx_word' id='word_1_98' title='bbox 500 1165 602 1192; x_wconf 90' lang='lat' dir='ltr'>suos</span> <span class='ocrx_word' id='word_1_99' title='bbox 633 1164 713 1192; x_wconf 90' lang='lat' dir='ltr'>nec</span> <span class='ocrx_word' id='word_1_100' title='bbox 746 1164 822 1192; x_wconf 89' lang='lat' dir='ltr'>eos</span> <span class='ocrx_word' id='word_1_101' title='bbox 854 1152 1081 1205; x_wconf 85' lang='lat' dir='ltr'>expendit,</span> <span class='ocrx_word' id='word_1_102' title='bbox 1103 1153 1179 1193; x_wconf 90' lang='lat' dir='ltr'>sed</span> <span class='ocrx_word' id='word_1_103' title='bbox 1212 1165 1325 1192; x_wconf 90' lang='lat' dir='ltr'>unus</span> <span class='ocrx_word' id='word_1_104' title='bbox 1356 1151 1493 1193; x_wconf 86' lang='lat' dir='ltr'>laicus</span> <span class='ocrx_word' id='word_1_105' title='bbox 1523 1151 1671 1193; x_wconf 87' lang='lat' dir='ltr'>omnia</span> <span class='ocrx_word' id='word_1_106' title='bbox 1700 1150 1774 1192; x_wconf 90' lang='lat' dir='ltr'>illa</span> <span class='ocrx_word' id='word_1_107' title='bbox 1805 1150 1970 1204; x_wconf 89' lang='lat' dir='ltr'>recipit,</span> <span class='ocrx_word' id='word_1_108' title='bbox 2001 1156 2045 1192; x_wconf 91' lang='lat' dir='ltr'>et</span> <span class='ocrx_word' id='word_1_109' title='bbox 2075 1148 2303 1204; x_wconf 87' lang='lat' dir='ltr'>expendit,</span> 
     </span>
     <span class='ocr_line' id='line_1_12' title="bbox 499 1228 2304 1286; baseline -0.001 -14"><span class='ocrx_word' id='word_1_110' title='bbox 499 1237 544 1273; x_wconf 93' lang='lat' dir='ltr'>et</span> <span class='ocrx_word' id='word_1_111' title='bbox 584 1238 842 1285; x_wconf 90' lang='lat' dir='ltr'>compotum</span> <span class='ocrx_word' id='word_1_112' title='bbox 885 1232 924 1273; x_wconf 92' lang='lat' dir='ltr'>ei</span> <span class='ocrx_word' id='word_1_113' title='bbox 966 1246 1191 1286; x_wconf 92' lang='lat' dir='ltr'>nunquam</span> <span class='ocrx_word' id='word_1_114' title='bbox 1233 1232 1390 1283; x_wconf 90' lang='lat' dir='ltr'>reddit,</span> <span class='ocrx_word' id='word_1_115' title='bbox 1423 1232 1526 1286; x_wconf 87' lang='lat' dir='ltr'>quia</span> <span class='ocrx_word' id='word_1_116' title='bbox 1562 1245 1649 1273; x_wconf 89' lang='lat' dir='ltr'>non</span> <span class='ocrx_word' id='word_1_117' title='bbox 1691 1237 1757 1272; x_wconf 88' lang='lat' dir='ltr'>est</span> <span class='ocrx_word' id='word_1_118' title='bbox 1797 1241 1942 1285; x_wconf 85' lang='lat' dir='ltr'>capax</span> <span class='ocrx_word' id='word_1_119' title='bbox 1981 1230 2190 1284; x_wconf 90' lang='lat' dir='ltr'>compoti,</span> <span class='ocrx_word' id='word_1_120' title='bbox 2229 1228 2304 1283; x_wconf 82' lang='lat' dir='ltr'>qu‘i</span> 
     </span>
     <span class='ocr_line' id='line_1_13' title="bbox 498 1311 1508 1354; baseline 0.002 -2"><span class='ocrx_word' id='word_1_121' title='bbox 498 1311 574 1352; x_wconf 90' lang='lat' dir='ltr'>illa</span> <span class='ocrx_word' id='word_1_122' title='bbox 605 1311 819 1353; x_wconf 90' lang='lat' dir='ltr'>beneficia</span> <span class='ocrx_word' id='word_1_123' title='bbox 850 1312 1010 1354; x_wconf 88' lang='lat' dir='ltr'>retinet</span> <span class='ocrx_word' id='word_1_124' title='bbox 1043 1313 1222 1354; x_wconf 90' lang='lat' dir='ltr'>nomine</span> <span class='ocrx_word' id='word_1_125' title='bbox 1252 1319 1297 1354; x_wconf 89' lang='lat' dir='ltr'>et</span> <span class='ocrx_word' id='word_1_126' title='bbox 1329 1326 1417 1354; x_wconf 90' lang='lat' dir='ltr'>non</span> <span class='ocrx_word' id='word_1_127' title='bbox 1449 1327 1508 1354; x_wconf 91' lang='lat' dir='ltr'>re.</span> 
     </span>
    </p>

    <p class='ocr_par' dir='ltr' id='par_1_3' title="bbox 498 1391 2311 2894">
     <span class='ocr_line' id='line_1_14' title="bbox 618 1391 2307 1447; baseline 0.001 -16"><span class='ocrx_word' id='word_1_128' title='bbox 618 1398 666 1442; x_wconf 88' lang='lat' dir='ltr'>[p.</span> <span class='ocrx_word' id='word_1_129' title='bbox 692 1398 782 1441; x_wconf 71' lang='lat'>158]</span> <span class='ocrx_word' id='word_1_130' title='bbox 830 1392 904 1434; x_wconf 89' lang='lat' dir='ltr'>Ex</span> <span class='ocrx_word' id='word_1_131' title='bbox 930 1393 1297 1447; x_wconf 88' lang='lat' dir='ltr'>multiplicatione</span> <span class='ocrx_word' id='word_1_132' title='bbox 1325 1393 1615 1443; x_wconf 88' lang='lat' dir='ltr'>licenciarum,</span> <span class='ocrx_word' id='word_1_133' title='bbox 1637 1399 1681 1434; x_wconf 92' lang='lat' dir='ltr'>et</span> <span class='ocrx_word' id='word_1_134' title='bbox 1712 1391 1868 1434; x_wconf 89' lang='lat' dir='ltr'>talium</span> <span class='ocrx_word' id='word_1_135' title='bbox 1899 1393 2240 1442; x_wconf 88' lang='lat' dir='ltr'>concessionum,</span> <span class='ocrx_word' id='word_1_136' title='bbox 2261 1394 2307 1432; x_wconf 84' lang='lat' dir='ltr'>et</span> 
     </span>
     <span class='ocr_line' id='line_1_15' title="bbox 498 1471 2307 1529; baseline -0.001 -15"><span class='ocrx_word' id='word_1_137' title='bbox 498 1474 911 1527; x_wconf 51' lang='lat' dir='ltr'>app&#39;ropriacionum</span> <span class='ocrx_word' id='word_1_138' title='bbox 943 1474 1225 1516; x_wconf 89' lang='lat' dir='ltr'>ecclesiarum</span> <span class='ocrx_word' id='word_1_139' title='bbox 1257 1474 1583 1529; x_wconf 89' lang='lat' dir='ltr'>parochialium,</span> <span class='ocrx_word' id='word_1_140' title='bbox 1606 1479 1651 1515; x_wconf 91' lang='lat' dir='ltr'>et</span> <span class='ocrx_word' id='word_1_141' title='bbox 1682 1472 2034 1526; x_wconf 90' lang='lat' dir='ltr'>exempcionum,</span> <span class='ocrx_word' id='word_1_142' title='bbox 2057 1473 2211 1514; x_wconf 89' lang='lat' dir='ltr'>crescit</span> <span class='ocrx_word' id='word_1_143' title='bbox 2241 1471 2307 1512; x_wconf 92' lang='lat' dir='ltr'>lu-</span> 
     </span>
     <span class='ocr_line' id='line_1_16' title="bbox 502 1552 2307 1609; baseline -0.001 -15"><span class='ocrx_word' id='word_1_144' title='bbox 502 1567 624 1594; x_wconf 90' lang='lat' dir='ltr'>crum</span> <span class='ocrx_word' id='word_1_145' title='bbox 653 1560 981 1595; x_wconf 88' lang='lat' dir='ltr'>curtesanorum</span> <span class='ocrx_word' id='word_1_146' title='bbox 1002 1555 1241 1596; x_wconf 88' lang='lat' dir='ltr'>astantium</span> <span class='ocrx_word' id='word_1_147' title='bbox 1263 1569 1404 1609; x_wconf 84' lang='lat' dir='ltr'>papae,</span> <span class='ocrx_word' id='word_1_148' title='bbox 1428 1561 1472 1596; x_wconf 90' lang='lat' dir='ltr'>et</span> <span class='ocrx_word' id='word_1_149' title='bbox 1499 1553 1682 1596; x_wconf 89' lang='lat' dir='ltr'>aliorum</span> <span class='ocrx_word' id='word_1_150' title='bbox 1707 1553 2010 1595; x_wconf 87' lang='lat' dir='ltr'>officiariorum</span> <span class='ocrx_word' id='word_1_151' title='bbox 2040 1558 2084 1594; x_wconf 94' lang='lat' dir='ltr'>et</span> <span class='ocrx_word' id='word_1_152' title='bbox 2110 1552 2307 1593; x_wconf 89' lang='lat' dir='ltr'>Roman-</span> 
     </span>
     <span class='ocr_line' id='line_1_17' title="bbox 501 1633 2306 1689; baseline -0.001 -15"><span class='ocrx_word' id='word_1_153' title='bbox 501 1647 654 1683; x_wconf 81' lang='lat' dir='ltr'>orum3</span> <span class='ocrx_word' id='word_1_154' title='bbox 696 1641 751 1682; x_wconf 89' lang='lat' dir='ltr'>et,</span> <span class='ocrx_word' id='word_1_155' title='bbox 785 1635 865 1675; x_wconf 90' lang='lat' dir='ltr'>nisi</span> <span class='ocrx_word' id='word_1_156' title='bbox 902 1649 1019 1689; x_wconf 92' lang='lat' dir='ltr'>papa</span> <span class='ocrx_word' id='word_1_157' title='bbox 1056 1635 1163 1676; x_wconf 90' lang='lat' dir='ltr'>talia</span> <span class='ocrx_word' id='word_1_158' title='bbox 1198 1635 1414 1677; x_wconf 90' lang='lat' dir='ltr'>concedat</span> <span class='ocrx_word' id='word_1_159' title='bbox 1447 1640 1491 1675; x_wconf 86' lang='lat' dir='ltr'>et</span> <span class='ocrx_word' id='word_1_160' title='bbox 1531 1635 1692 1676; x_wconf 91' lang='lat' dir='ltr'>condat</span> <span class='ocrx_word' id='word_1_161' title='bbox 1722 1633 1869 1687; x_wconf 90' lang='lat' dir='ltr'>qualia</span> <span class='ocrx_word' id='word_1_162' title='bbox 1899 1633 1981 1686; x_wconf 91' lang='lat' dir='ltr'>ipsi</span> <span class='ocrx_word' id='word_1_163' title='bbox 2012 1638 2170 1686; x_wconf 89' lang='lat' dir='ltr'>optant</span> <span class='ocrx_word' id='word_1_164' title='bbox 2206 1645 2306 1673; x_wconf 90' lang='lat' dir='ltr'>eum</span> 
     </span>
     <span class='ocr_line' id='line_1_18' title="bbox 503 1713 2308 1770; baseline -0.001 -16"><span class='ocrx_word' id='word_1_165' title='bbox 503 1714 755 1764; x_wconf 89' lang='lat' dir='ltr'>concedere,</span> <span class='ocrx_word' id='word_1_166' title='bbox 785 1728 864 1768; x_wconf 91' lang='lat' dir='ltr'>pro</span> <span class='ocrx_word' id='word_1_167' title='bbox 902 1729 1053 1756; x_wconf 88' lang='lat' dir='ltr'>eorum</span> <span class='ocrx_word' id='word_1_168' title='bbox 1088 1715 1208 1757; x_wconf 91' lang='lat' dir='ltr'>lucro</span> <span class='ocrx_word' id='word_1_169' title='bbox 1247 1715 1589 1770; x_wconf 84' lang='lat' dir='ltr'>augmentando,</span> <span class='ocrx_word' id='word_1_170' title='bbox 1619 1721 1814 1756; x_wconf 90' lang='lat' dir='ltr'>astantes</span> <span class='ocrx_word' id='word_1_171' title='bbox 1847 1727 1973 1767; x_wconf 87' lang='lat' dir='ltr'>papae</span> <span class='ocrx_word' id='word_1_172' title='bbox 2009 1714 2048 1754; x_wconf 89' lang='lat' dir='ltr'>ei</span> <span class='ocrx_word' id='word_1_173' title='bbox 2084 1713 2308 1762; x_wconf 88' lang='lat' dir='ltr'>insultant,</span> 
     </span>
     <span class='ocr_line' id='line_1_19' title="bbox 504 1793 2307 1849; baseline 0 -15"><span class='ocrx_word' id='word_1_174' title='bbox 504 1799 549 1834; x_wconf 91' lang='lat' dir='ltr'>et</span> <span class='ocrx_word' id='word_1_175' title='bbox 586 1794 625 1835; x_wconf 92' lang='lat' dir='ltr'>ei</span> <span class='ocrx_word' id='word_1_176' title='bbox 662 1793 861 1835; x_wconf 86' lang='lat' dir='ltr'>inimicos</span> <span class='ocrx_word' id='word_1_177' title='bbox 902 1795 1113 1846; x_wconf 84' lang='lat' dir='ltr'>excitant,</span> <span class='ocrx_word' id='word_1_178' title='bbox 1146 1801 1190 1837; x_wconf 89' lang='lat' dir='ltr'>et</span> <span class='ocrx_word' id='word_1_179' title='bbox 1230 1796 1287 1836; x_wconf 89' lang='lat' dir='ltr'>ad</span> <span class='ocrx_word' id='word_1_180' title='bbox 1326 1795 1419 1849; x_wconf 90' lang='lat' dir='ltr'>ejus</span> <span class='ocrx_word' id='word_1_181' title='bbox 1463 1794 1788 1849; x_wconf 90' lang='lat' dir='ltr'>deposicionem</span> <span class='ocrx_word' id='word_1_182' title='bbox 1822 1793 1892 1835; x_wconf 93' lang='lat' dir='ltr'>vel</span> <span class='ocrx_word' id='word_1_183' title='bbox 1937 1793 2307 1835; x_wconf 85' lang='lat' dir='ltr'>intoxicacionem</span> 
     </span>
     <span class='ocr_line' id='line_1_20' title="bbox 502 1873 2307 1929; baseline 0 -15"><span class='ocrx_word' id='word_1_184' title='bbox 502 1873 721 1915; x_wconf 91' lang='lat' dir='ltr'>laborant.</span> <span class='ocrx_word' id='word_1_185' title='bbox 782 1873 911 1923; x_wconf 91' lang='lat' dir='ltr'>Item,</span> <span class='ocrx_word' id='word_1_186' title='bbox 954 1874 1074 1916; x_wconf 90' lang='lat' dir='ltr'>aliud</span> <span class='ocrx_word' id='word_1_187' title='bbox 1116 1881 1183 1916; x_wconf 89' lang='lat' dir='ltr'>est</span> <span class='ocrx_word' id='word_1_188' title='bbox 1224 1876 1343 1929; x_wconf 91' lang='lat' dir='ltr'>quod</span> <span class='ocrx_word' id='word_1_189' title='bbox 1386 1875 1515 1917; x_wconf 90' lang='lat' dir='ltr'>infert</span> <span class='ocrx_word' id='word_1_190' title='bbox 1560 1888 1768 1928; x_wconf 87' lang='lat' dir='ltr'>magnum</span> <span class='ocrx_word' id='word_1_191' title='bbox 1812 1874 2124 1915; x_wconf 88' lang='lat' dir='ltr'>detrimentum</span> <span class='ocrx_word' id='word_1_192' title='bbox 2165 1887 2307 1927; x_wconf 84' lang='lat' dir='ltr'>papae,</span> 
     </span>
     <span class='ocr_line' id='line_1_21' title="bbox 505 1953 2307 2008; baseline 0.001 -13"><span class='ocrx_word' id='word_1_193' title='bbox 505 1954 683 2003; x_wconf 90' lang='lat' dir='ltr'>scilicet,</span> <span class='ocrx_word' id='word_1_194' title='bbox 715 1953 876 1995; x_wconf 58' lang='lat' dir='ltr'>electio⁴</span> <span class='ocrx_word' id='word_1_195' title='bbox 913 1968 990 1995; x_wconf 90' lang='lat' dir='ltr'>sua</span> <span class='ocrx_word' id='word_1_196' title='bbox 1031 1969 1164 2008; x_wconf 91' lang='lat' dir='ltr'>quam</span> <span class='ocrx_word' id='word_1_197' title='bbox 1205 1955 1310 1997; x_wconf 87' lang='lat' dir='ltr'>facit</span> <span class='ocrx_word' id='word_1_198' title='bbox 1351 1957 1407 1997; x_wconf 90' lang='lat' dir='ltr'>de</span> <span class='ocrx_word' id='word_1_199' title='bbox 1447 1954 1744 2005; x_wconf 88' lang='lat' dir='ltr'>cardinalium,</span> <span class='ocrx_word' id='word_1_200' title='bbox 1781 1955 1855 2007; x_wconf 91' lang='lat' dir='ltr'>qui</span> <span class='ocrx_word' id='word_1_201' title='bbox 1897 1954 2115 2008; x_wconf 85' lang='lat' dir='ltr'>eliguntur</span> <span class='ocrx_word' id='word_1_202' title='bbox 2149 1955 2206 1996; x_wconf 88' lang='lat' dir='ltr'>ab</span> <span class='ocrx_word' id='word_1_203' title='bbox 2243 1967 2307 2003; x_wconf 73' lang='lat' dir='ltr'>eO,</span> 
     </span>
     <span class='ocr_line' id='line_1_22' title="bbox 504 2035 2309 2090; baseline 0.001 -15"><span class='ocrx_word' id='word_1_204' title='bbox 504 2041 685 2089; x_wconf 90' lang='lat' dir='ltr'>propter</span> <span class='ocrx_word' id='word_1_205' title='bbox 723 2035 995 2088; x_wconf 85' lang='lat' dir='ltr'>sanguinem,</span> <span class='ocrx_word' id='word_1_206' title='bbox 1025 2036 1094 2076; x_wconf 89' lang='lat' dir='ltr'>vel</span> <span class='ocrx_word' id='word_1_207' title='bbox 1133 2036 1236 2089; x_wconf 88' lang='lat' dir='ltr'>quia</span> <span class='ocrx_word' id='word_1_208' title='bbox 1278 2037 1397 2090; x_wconf 91' lang='lat' dir='ltr'>quod</span> <span class='ocrx_word' id='word_1_209' title='bbox 1438 2036 1595 2078; x_wconf 86' lang='lat' dir='ltr'>divites</span> <span class='ocrx_word' id='word_1_210' title='bbox 1632 2042 1733 2076; x_wconf 87' lang='lat' dir='ltr'>sunt</span> <span class='ocrx_word' id='word_1_211' title='bbox 1768 2035 1811 2075; x_wconf 93' lang='lat' dir='ltr'>in</span> <span class='ocrx_word' id='word_1_212' title='bbox 1849 2036 2094 2084; x_wconf 89' lang='lat' dir='ltr'>mundanis,</span> <span class='ocrx_word' id='word_1_213' title='bbox 2128 2042 2172 2077; x_wconf 88' lang='lat' dir='ltr'>et</span> <span class='ocrx_word' id='word_1_214' title='bbox 2208 2041 2309 2089; x_wconf 86' lang='lat' dir='ltr'>post</span> 
     </span>
     <span class='ocr_line' id='line_1_23' title="bbox 506 2115 2310 2171; baseline -0.001 -14"><span class='ocrx_word' id='word_1_215' title='bbox 506 2115 771 2157; x_wconf 87' lang='lat' dir='ltr'>eleccionem</span> <span class='ocrx_word' id='word_1_216' title='bbox 793 2116 837 2156; x_wconf 93' lang='lat' dir='ltr'>in</span> <span class='ocrx_word' id='word_1_217' title='bbox 866 2115 1184 2157; x_wconf 89' lang='lat' dir='ltr'>cardinalatum</span> <span class='ocrx_word' id='word_1_218' title='bbox 1217 2117 1446 2158; x_wconf 87' lang='lat' dir='ltr'>licenciam</span> <span class='ocrx_word' id='word_1_219' title='bbox 1468 2116 1646 2167; x_wconf 88' lang='lat' dir='ltr'>habent,</span> <span class='ocrx_word' id='word_1_220' title='bbox 1666 2122 1714 2157; x_wconf 88' lang='lat' dir='ltr'>ut</span> <span class='ocrx_word' id='word_1_221' title='bbox 1743 2117 1979 2157; x_wconf 88' lang='lat' dir='ltr'>retinerent</span> <span class='ocrx_word' id='word_1_222' title='bbox 2001 2117 2167 2170; x_wconf 87' lang='lat' dir='ltr'>priores</span> <span class='ocrx_word' id='word_1_223' title='bbox 2196 2116 2310 2171; x_wconf 89' lang='lat' dir='ltr'>epis-</span> 
     </span>
     <span class='ocr_line' id='line_1_24' title="bbox 506 2195 2309 2251; baseline 0 -14"><span class='ocrx_word' id='word_1_224' title='bbox 506 2202 691 2250; x_wconf 89' lang='lat' dir='ltr'>copatus</span> <span class='ocrx_word' id='word_1_225' title='bbox 732 2208 836 2236; x_wconf 90' lang='lat' dir='ltr'>suos</span> <span class='ocrx_word' id='word_1_226' title='bbox 876 2195 920 2236; x_wconf 90' lang='lat' dir='ltr'>in</span> <span class='ocrx_word' id='word_1_227' title='bbox 962 2197 1286 2246; x_wconf 88' lang='lat' dir='ltr'>commendam,</span> <span class='ocrx_word' id='word_1_228' title='bbox 1329 2211 1417 2238; x_wconf 92' lang='lat' dir='ltr'>non</span> <span class='ocrx_word' id='word_1_229' title='bbox 1457 2197 1662 2238; x_wconf 89' lang='lat' dir='ltr'>obstante</span> <span class='ocrx_word' id='word_1_230' title='bbox 1705 2197 1823 2249; x_wconf 92' lang='lat' dir='ltr'>quod</span> <span class='ocrx_word' id='word_1_231' title='bbox 1865 2196 2067 2238; x_wconf 88' lang='lat' dir='ltr'>solebant</span> <span class='ocrx_word' id='word_1_232' title='bbox 2114 2197 2309 2251; x_wconf 88' lang='lat' dir='ltr'>episcopi</span> 
     </span>
     <span class='ocr_line' id='line_1_25' title="bbox 507 2274 2310 2331; baseline -0.001 -13"><span class='ocrx_word' id='word_1_233' title='bbox 507 2276 632 2318; x_wconf 90' lang='lat' dir='ltr'>electi</span> <span class='ocrx_word' id='word_1_234' title='bbox 675 2276 719 2316; x_wconf 91' lang='lat' dir='ltr'>in</span> <span class='ocrx_word' id='word_1_235' title='bbox 754 2274 998 2317; x_wconf 90' lang='lat' dir='ltr'>cardinales</span> <span class='ocrx_word' id='word_1_236' title='bbox 1035 2275 1264 2318; x_wconf 89' lang='lat' dir='ltr'>Romanos</span> <span class='ocrx_word' id='word_1_237' title='bbox 1295 2277 1389 2330; x_wconf 91' lang='lat' dir='ltr'>ipso</span> <span class='ocrx_word' id='word_1_238' title='bbox 1422 2277 1538 2318; x_wconf 87' lang='lat' dir='ltr'>sacto</span> <span class='ocrx_word' id='word_1_239' title='bbox 1575 2276 1794 2329; x_wconf 86' lang='lat' dir='ltr'>resignare</span> <span class='ocrx_word' id='word_1_240' title='bbox 1829 2276 1994 2330; x_wconf 90' lang='lat' dir='ltr'>priores</span> <span class='ocrx_word' id='word_1_241' title='bbox 2030 2277 2310 2331; x_wconf 89' lang='lat' dir='ltr'>episcopatus</span> 
     </span>
     <span class='ocr_line' id='line_1_26' title="bbox 506 2356 2309 2409; baseline 0.001 -12"><span class='ocrx_word' id='word_1_242' title='bbox 506 2371 621 2407; x_wconf 85' lang='lat' dir='ltr'>suos,</span> <span class='ocrx_word' id='word_1_243' title='bbox 657 2363 702 2398; x_wconf 91' lang='lat' dir='ltr'>et</span> <span class='ocrx_word' id='word_1_244' title='bbox 737 2356 941 2397; x_wconf 89' lang='lat' dir='ltr'>assistere</span> <span class='ocrx_word' id='word_1_245' title='bbox 978 2369 1106 2409; x_wconf 83' lang='lat' dir='ltr'>papae</span> <span class='ocrx_word' id='word_1_246' title='bbox 1145 2358 1187 2397; x_wconf 91' lang='lat' dir='ltr'>in</span> <span class='ocrx_word' id='word_1_247' title='bbox 1225 2357 1502 2398; x_wconf 89' lang='lat' dir='ltr'>consulendis</span> <span class='ocrx_word' id='word_1_248' title='bbox 1543 2361 1588 2397; x_wconf 91' lang='lat' dir='ltr'>et</span> <span class='ocrx_word' id='word_1_249' title='bbox 1627 2356 1881 2399; x_wconf 87' lang='lat' dir='ltr'>ordinandis</span> <span class='ocrx_word' id='word_1_250' title='bbox 1922 2363 1966 2399; x_wconf 90' lang='lat' dir='ltr'>et</span> <span class='ocrx_word' id='word_1_251' title='bbox 2007 2357 2309 2399; x_wconf 86' lang='lat' dir='ltr'>reformandis.</span> 
     </span>
     <span class='ocr_line' id='line_1_27' title="bbox 509 2437 2310 2492; baseline 0 -14"><span class='ocrx_word' id='word_1_252' title='bbox 509 2438 644 2479; x_wconf 91' lang='lat' dir='ltr'>Unde</span> <span class='ocrx_word' id='word_1_253' title='bbox 669 2438 713 2478; x_wconf 92' lang='lat' dir='ltr'>in</span> <span class='ocrx_word' id='word_1_254' title='bbox 739 2437 894 2478; x_wconf 90' lang='lat' dir='ltr'>diebus</span> <span class='ocrx_word' id='word_1_255' title='bbox 924 2437 1145 2478; x_wconf 87' lang='lat' dir='ltr'>modernis</span> <span class='ocrx_word' id='word_1_256' title='bbox 1172 2438 1329 2479; x_wconf 85' lang='lat' dir='ltr'>diversi</span> <span class='ocrx_word' id='word_1_257' title='bbox 1357 2437 1530 2479; x_wconf 89' lang='lat' dir='ltr'>fuerunt</span> <span class='ocrx_word' id='word_1_258' title='bbox 1559 2437 1800 2479; x_wconf 87' lang='lat' dir='ltr'>cardinales</span> <span class='ocrx_word' id='word_1_259' title='bbox 1824 2438 1867 2479; x_wconf 90' lang='lat' dir='ltr'>in</span> <span class='ocrx_word' id='word_1_260' title='bbox 1888 2438 2066 2492; x_wconf 84' lang='lat' dir='ltr'>Anglia,</span> <span class='ocrx_word' id='word_1_261' title='bbox 2089 2444 2133 2480; x_wconf 87' lang='lat' dir='ltr'>et</span> <span class='ocrx_word' id='word_1_262' title='bbox 2155 2437 2310 2489; x_wconf 76' lang='lat' dir='ltr'>Gallia,</span> 
     </span>
     <span class='ocr_line' id='line_1_28' title="bbox 509 2517 2310 2573; baseline 0 -14"><span class='ocrx_word' id='word_1_263' title='bbox 509 2525 552 2559; x_wconf 87' lang='lat' dir='ltr'>et</span> <span class='ocrx_word' id='word_1_264' title='bbox 593 2519 636 2559; x_wconf 92' lang='lat' dir='ltr'>in</span> <span class='ocrx_word' id='word_1_265' title='bbox 677 2518 774 2559; x_wconf 87' lang='lat' dir='ltr'>aliis</span> <span class='ocrx_word' id='word_1_266' title='bbox 815 2517 1077 2572; x_wconf 83' lang='lat' dir='ltr'>regionibuS,</span> <span class='ocrx_word' id='word_1_267' title='bbox 1119 2519 1193 2572; x_wconf 89' lang='lat' dir='ltr'>qui</span> <span class='ocrx_word' id='word_1_268' title='bbox 1235 2532 1460 2572; x_wconf 85' lang='lat' dir='ltr'>nunquam</span> <span class='ocrx_word' id='word_1_269' title='bbox 1504 2517 1679 2558; x_wconf 86' lang='lat' dir='ltr'>fuerunt</span> <span class='ocrx_word' id='word_1_270' title='bbox 1721 2518 1891 2569; x_wconf 83' lang='lat' dir='ltr'>Romae,</span> <span class='ocrx_word' id='word_1_271' title='bbox 1934 2533 2014 2561; x_wconf 92' lang='lat' dir='ltr'>nec</span> <span class='ocrx_word' id='word_1_272' title='bbox 2053 2532 2154 2561; x_wconf 92' lang='lat' dir='ltr'>cum</span> <span class='ocrx_word' id='word_1_273' title='bbox 2194 2531 2310 2573; x_wconf 85' lang='lat' dir='ltr'>papa</span> 
     </span>
     <span class='ocr_line' id='line_1_29' title="bbox 508 2597 2310 2654; baseline -0.001 -14"><span class='ocrx_word' id='word_1_274' title='bbox 508 2605 610 2652; x_wconf 89' lang='lat' dir='ltr'>post</span> <span class='ocrx_word' id='word_1_275' title='bbox 646 2613 774 2640; x_wconf 90' lang='lat' dir='ltr'>suum</span> <span class='ocrx_word' id='word_1_276' title='bbox 815 2597 1144 2650; x_wconf 88' lang='lat' dir='ltr'>cardinalatum,</span> <span class='ocrx_word' id='word_1_277' title='bbox 1178 2605 1244 2640; x_wconf 90' lang='lat' dir='ltr'>set</span> <span class='ocrx_word' id='word_1_278' title='bbox 1280 2612 1454 2652; x_wconf 90' lang='lat' dir='ltr'>semper</span> <span class='ocrx_word' id='word_1_279' title='bbox 1487 2605 1738 2640; x_wconf 89' lang='lat' dir='ltr'>manserunt</span> <span class='ocrx_word' id='word_1_280' title='bbox 1775 2600 1818 2640; x_wconf 91' lang='lat' dir='ltr'>in</span> <span class='ocrx_word' id='word_1_281' title='bbox 1854 2600 1943 2641; x_wconf 91' lang='lat' dir='ltr'>suis</span> <span class='ocrx_word' id='word_1_282' title='bbox 1978 2599 2164 2654; x_wconf 89' lang='lat' dir='ltr'>propriis</span> <span class='ocrx_word' id='word_1_283' title='bbox 2198 2598 2310 2653; x_wconf 88' lang='lat' dir='ltr'>regi-</span> 
     </span>
     <span class='ocr_line' id='line_1_30' title="bbox 509 2673 2311 2732; baseline 0 -13"><span class='ocrx_word' id='word_1_284' title='bbox 509 2679 676 2730; x_wconf 90' lang='lat' dir='ltr'>onibus,</span> <span class='ocrx_word' id='word_1_285' title='bbox 708 2685 916 2721; x_wconf 88' lang='lat' dir='ltr'>vacantes</span> <span class='ocrx_word' id='word_1_286' title='bbox 951 2679 1040 2720; x_wconf 91' lang='lat' dir='ltr'>suis</span> <span class='ocrx_word' id='word_1_287' title='bbox 1080 2678 1318 2720; x_wconf 89' lang='lat' dir='ltr'>honoribus</span> <span class='ocrx_word' id='word_1_288' title='bbox 1357 2678 1507 2732; x_wconf 89' lang='lat' dir='ltr'>pocius</span> <span class='ocrx_word' id='word_1_289' title='bbox 1546 2690 1679 2731; x_wconf 89' lang='lat' dir='ltr'>quam</span> <span class='ocrx_word' id='word_1_290' title='bbox 1720 2680 1808 2720; x_wconf 87' lang='lat' dir='ltr'>suis</span> <span class='ocrx_word' id='word_1_291' title='bbox 1850 2680 1974 2730; x_wconf 90' lang='lat' dir='ltr'>curis,</span> <span class='ocrx_word' id='word_1_292' title='bbox 2007 2686 2052 2722; x_wconf 90' lang='lat' dir='ltr'>et</span> <span class='ocrx_word' id='word_1_293' title='bbox 2092 2687 2191 2721; x_wconf 87' lang='lat' dir='ltr'>cum</span> <span class='ocrx_word' id='word_1_294' title='bbox 2226 2673 2311 2720; x_wconf 88' lang='lat' dir='ltr'>hoc</span> 
     </span>
     <span class='ocr_line' id='line_1_31' title="bbox 512 2758 2311 2814; baseline 0.001 -16"><span class='ocrx_word' id='word_1_295' title='bbox 512 2759 781 2800; x_wconf 88' lang='lat' dir='ltr'>retinuerunt</span> <span class='ocrx_word' id='word_1_296' title='bbox 816 2759 982 2813; x_wconf 89' lang='lat' dir='ltr'>priores</span> <span class='ocrx_word' id='word_1_297' title='bbox 1022 2772 1124 2799; x_wconf 89' lang='lat' dir='ltr'>suos</span> <span class='ocrx_word' id='word_1_298' title='bbox 1165 2759 1443 2812; x_wconf 87' lang='lat' dir='ltr'>episcopatus</span> <span class='ocrx_word' id='word_1_299' title='bbox 1485 2758 1527 2798; x_wconf 90' lang='lat' dir='ltr'>in</span> <span class='ocrx_word' id='word_1_300' title='bbox 1564 2760 1883 2809; x_wconf 88' lang='lat' dir='ltr'>commendam,</span> <span class='ocrx_word' id='word_1_301' title='bbox 1917 2773 2028 2814; x_wconf 90' lang='lat' dir='ltr'>quos</span> <span class='ocrx_word' id='word_1_302' title='bbox 2066 2758 2311 2800; x_wconf 84' lang='lat' dir='ltr'>habuerunt</span> 
     </span>
     <span class='ocr_line' id='line_1_32' title="bbox 512 2838 2310 2894; baseline 0.001 -16"><span class='ocrx_word' id='word_1_303' title='bbox 512 2844 614 2880; x_wconf 88' lang='lat' dir='ltr'>ante</span> <span class='ocrx_word' id='word_1_304' title='bbox 650 2839 968 2882; x_wconf 87' lang='lat' dir='ltr'>cardinalatum</span> <span class='ocrx_word' id='word_1_305' title='bbox 1002 2852 1142 2889; x_wconf 87' lang='lat' dir='ltr'>suum,</span> <span class='ocrx_word' id='word_1_306' title='bbox 1181 2846 1224 2880; x_wconf 91' lang='lat' dir='ltr'>et</span> <span class='ocrx_word' id='word_1_307' title='bbox 1265 2845 1360 2880; x_wconf 91' lang='lat' dir='ltr'>tum</span> <span class='ocrx_word' id='word_1_308' title='bbox 1403 2851 1627 2892; x_wconf 86' lang='lat' dir='ltr'>nunquam</span> <span class='ocrx_word' id='word_1_309' title='bbox 1663 2839 1866 2882; x_wconf 92' lang='lat' dir='ltr'>viderunt</span> <span class='ocrx_word' id='word_1_310' title='bbox 1905 2852 2067 2894; x_wconf 87' lang='lat' dir='ltr'>papam</span> <span class='ocrx_word' id='word_1_311' title='bbox 2100 2838 2310 2893; x_wconf 82' lang='lat' dir='ltr'>quamdiu</span> 
     </span>
    </p>
   </div>
  </div>
 </body>
</html>
