2456 3210
470 281 551 324 132
971 278 1103 314 LOCI
1136 278 1174 312 E
1214 278 1379 313 LIBRO
1427 277 1773 312 VERJTATUM.

468 426 672 474 quaerunt
707 434 842 474 quam
878 420 977 462 Dei.
1050 420 1099 462 Si
1135 421 1252 461 enim
1292 420 1505 462 honorem
1543 420 1628 461 Dei
1665 427 1923 474 quaererent,
1956 420 2092 463 talem
2132 419 2275 474 praefi-

468 506 618 542 cerent
658 507 702 542 et
742 501 933 543 ordinari
972 500 1235 553 laborarent,
1276 502 1351 555 qui
1393 501 1534 556 magis
1574 506 1619 542 et
1657 501 1894 556 perfectius
1934 515 2067 556 opera
2105 501 2189 543 Dei
2231 508 2276 543 et

469 579 659 622 salutem
699 581 946 623 animarum
975 582 1123 633 verbo,
1161 588 1205 623 et
1245 581 1466 635 exemplo,
1497 587 1543 623 et
1580 582 1776 623 subsidio
1810 582 2019 636 perficere
2049 589 2199 637 posset
2231 589 2277 624 et

468 661 617 703 vellet.
678 662 897 704 Dominus
929 664 1047 704 enim
1080 663 1204 704 Deus
1235 663 1352 704 dixit
1381 663 1439 704 ad
1473 662 1591 711 Heli,
1624 668 1707 704 etc.

587 742 679 797 Ipsi
701 749 1023 797 contempnunt
1044 743 1192 784 Deum
1215 743 1289 797 qui
1317 743 1380 784 ita
1400 749 1559 797 sponte
1586 734 1815 784 conferunt
1836 743 2049 785 beneficia
2069 750 2115 786 et
2135 743 2277 786 officia

469 822 555 865 illis
586 824 660 879 qui
691 825 753 866 eis
783 825 974 879 placent,
1005 825 1152 880 potius
1188 838 1323 879 quam
1360 823 1446 865 illis
1486 824 1561 878 qui
1602 837 1736 878 opera
1767 824 1852 866 Dei
1891 824 2034 879 magis
2068 823 2278 879 perficere

468 910 654 958 possunt
685 911 730 947 et
761 906 904 948 sciunt
934 919 1049 947 curae
1078 906 1375 953 attendentes,
1408 910 1453 946 et
1484 905 1528 946 in
1559 918 1661 946 cura
1691 905 1945 947 residentes.
2005 905 2140 947 Tales
2174 919 2278 948 con-

470 991 676 1027 temnunt
698 985 859 1036 Deum,
881 987 986 1041 quia
1014 991 1278 1040 praeponunt
1304 985 1579 1027 voluntatem
1599 985 1791 1027 hominis
1818 985 1971 1040 pocius
2002 999 2136 1040 quam
2167 985 2277 1028 illud

468 1065 590 1119 quod
607 1065 734 1119 jubet
757 1066 894 1108 Deus.
954 1066 1090 1108 Tales
1111 1072 1215 1108 sunt
1236 1066 1310 1120 qui
1333 1066 1582 1108 concedunt
1604 1065 1808 1107 ecclesias
1828 1066 1898 1108 vel
1924 1067 2067 1108 officia
2087 1066 2172 1108 illis
2196 1080 2277 1122 pro

470 1146 628 1199 quibus
656 1147 807 1189 scribit
837 1161 930 1197 reX,
951 1147 1022 1189 vel
1052 1147 1259 1188 dominus
1286 1152 1496 1197 terrenus,
1520 1147 1671 1200 pocius
1698 1160 1833 1200 quarn
1864 1147 1948 1189 illis
1979 1147 2139 1201 quibus
2165 1161 2277 1203 prae-

469 1226 588 1280 cepit
609 1227 733 1268 Deus
764 1228 807 1269 in
834 1228 991 1270 litteris
1021 1241 1155 1269 sacrae
1178 1227 1419 1282 Scripturae
1443 1226 1537 1268 fore
1566 1226 1865 1268 conferendos.
1925 1226 2155 1270 Concedat
2182 1228 2278 1270 Do-

470 1308 627 1358 minus,
649 1321 730 1363 pro
751 1323 831 1350 sua
859 1309 1170 1360 misericordia,
1191 1309 1310 1363 quod
1332 1308 1554 1362 promotio
1576 1308 1653 1349 fiat
1679 1308 1919 1349 secundum
1942 1308 2157 1363 Spiritum
2179 1309 2277 1361 Dei,

410 1439 412 1441 ‚
469 1394 516 1430 et
540 1390 658 1442 quod
687 1392 937 1433 sacerdotes
959 1395 1004 1433 et
1029 1390 1274 1438 consiliarii,
1298 1389 1542 1431 existentes
1568 1401 1668 1430 curn
1689 1388 1878 1430 dominis
1900 1388 2194 1431 exhibeantur
2220 1389 2278 1432 de

469 1468 598 1510 bonis
629 1470 822 1524 ipsorum
848 1471 1152 1513 dominorum!
1206 1471 1335 1520 Item,
1359 1469 1485 1512 exuti
1513 1483 1540 1511 a
1560 1482 1663 1511 cura
1686 1468 1885 1519 aliorum,
1909 1475 1954 1511 et
1981 1471 2017 1511 si
2046 1483 2278 1524 promove-

470 1555 611 1601 antur,
632 1564 740 1591 mox
768 1552 826 1593 ad
855 1565 1005 1594 curam
1034 1557 1079 1594 et
1107 1552 1164 1594 ad
1196 1551 1389 1593 officium
1418 1551 1481 1592 eis
1505 1550 1716 1592 traditum
1742 1550 1927 1592 transire
1955 1557 2230 1593 moneantur.

586 1637 631 1680 [p.
665 1637 734 1680 23·]
793 1632 895 1685 Jam
933 1633 1051 1675 enim
1085 1632 1221 1687 aliqui
1262 1632 1458 1687 episcopi
1498 1638 1543 1674 et
1583 1631 1768 1673 abbates
1810 1631 2103 1672 concedentes
2142 1631 2276 1673 bene-

471 1709 620 1752 ficium
654 1711 724 1753 vel
759 1712 971 1766 scriptum
1006 1712 1304 1754 testimoniale
1338 1712 1421 1754 sub
1457 1725 1536 1753 suo
1571 1710 1714 1765 sigillo
1749 1711 1963 1765 recipiunt
2002 1710 2052 1752 xl
2081 1711 2174 1763 sol.,
2205 1711 2275 1753 vel

471 1798 651 1834 centum
680 1791 761 1833 sol.
787 1793 832 1833 in
852 1807 940 1834 una
960 1793 1166 1845 abbatia3
1198 1799 1243 1835 et
1263 1793 1359 1836 haec
1384 1798 1567 1835 vocatur
1595 1792 1671 1834 lex
1703 1793 1845 1843 curiae,
1866 1806 1944 1834 seu
1974 1792 2102 1835 stilus
2132 1794 2275 1843 curiae,

472 1886 607 1927 quam
638 1872 844 1914 dominus
874 1887 992 1928 papa
1018 1873 1204 1915 faciliter
1233 1880 1381 1928 potest
1411 1873 1575 1916 tollere.

590 1951 711 1995 Olim
752 1953 870 1994 enim
910 1967 1146 1995 commune
1187 1954 1356 1995 dictum
1395 1954 1478 1995 fuit
1519 1954 1562 1994 in
1602 1952 1746 2007 vulgo,
1783 1958 1828 1994 et
1871 1960 1938 1995 est
1978 1953 2123 1996 adhuc
2163 1955 2278 1997 inter

472 2034 619 2089 plures
650 2034 707 2075 de
746 2033 891 2088 vu-lgo,
921 2034 1041 2088 quod
1082 2034 1288 2076 dominus
1328 2049 1446 2089 papa
1486 2034 1648 2076 cotidie
1689 2033 1882 2088 loquitur
1911 2047 2011 2075 curn
2056 2035 2167 2084 Deo,
2198 2036 2274 2077 tri-

471 2115 554 2157 bus
583 2114 762 2164 vicibus,
797 2121 847 2156 ut
877 2115 987 2157 sciat
1027 2129 1126 2170 quae
1157 2116 1440 2158 concedenda
1470 2121 1584 2166 sunt,
1615 2120 1660 2156 et
1696 2128 1795 2168 quae
1826 2129 1925 2165 non,
1959 2121 2003 2157 et
2033 2130 2132 2170 quae
2173 2129 2276 2158 con-

472 2196 632 2248 denda,
669 2202 714 2238 et
749 2210 849 2251 quae
884 2210 973 2237 non
1007 2202 1110 2238 sunt
1145 2197 1388 2247 condenda,
1419 2203 1464 2238 et
1499 2202 1549 2237 ut
1584 2201 1821 2249 cognoscat
1855 2210 1954 2250 quae
1990 2196 2110 2251 leges
2146 2197 2276 2238 editae

472 2292 552 2332 per
584 2277 786 2320 homines
822 2283 1087 2319 evacuantur
1121 2284 1167 2319 et
1203 2278 1499 2319 destruantur.
1573 2275 1664 2318 Sed
1700 2278 1900 2330 quamvis
1934 2276 2030 2319 haec
2063 2277 2147 2318 fuit
2186 2291 2277 2319 cre-

473 2358 636 2400 dulitas
663 2359 796 2414 vulgi,
819 2372 899 2400 nos
926 2364 1023 2400 tum
1048 2373 1173 2400 orare
1200 2359 1426 2407 debemus,
1450 2364 1498 2399 ut
1523 2370 1603 2411 pro
1634 2357 1825 2410 peccatis
1857 2359 2027 2408 nostris,
2049 2358 2277 2412 inspiratio

474 2440 666 2495 Spiritus
697 2441 794 2493 Dei,
815 2454 916 2495 quae
944 2447 1011 2482 est
1040 2440 1283 2482 necessaria
1311 2453 1440 2494 papae
1465 2451 1544 2492 pro
1573 2437 1791 2489 membris,
1813 2445 1858 2479 et
1883 2438 2003 2480 laesio
2032 2438 2090 2480 ab
2118 2438 2275 2479 eodem

472 2534 561 2562 non
602 2520 860 2572 retrahatur,
900 2525 1015 2562 teste
1053 2521 1281 2574 scriptura,
1316 2524 1500 2573 propter
1538 2523 1721 2570 peccata
1760 2518 1911 2572 populi
1952 2531 2133 2571 regnare
2172 2516 2276 2559 fecit

472 2602 734 2655 ypocritam,
766 2602 794 2643 i.
816 2615 853 2644 e.
883 2600 1114 2654 indignum
1145 2606 1190 2641 et
1221 2600 1388 2642 malum
1418 2597 1742 2653 praesidentem.

590 2688 635 2732 [p.
659 2688 726 2730 24.]
785 2682 942 2736 Nuper
972 2680 1100 2732 enim,
1122 2680 1167 2721 in
1194 2686 1394 2734 tempore
1421 2678 1601 2720 Martini
1633 2678 1787 2731 quinti,
1810 2692 1887 2720 seu
1913 2677 2103 2733 Eugenii
2132 2690 2274 2732 papae,

475 2775 588 2803 unus
617 2762 848 2817 episcopus
877 2762 923 2803 in
942 2760 1109 2815 Anglia
1140 2759 1331 2802 obtinuit
1354 2757 1522 2802 bullam
1553 2771 1682 2813 papae
1711 2764 1760 2800 ut
1789 2758 1885 2813 ipse
1913 2758 2097 2801 haberet
2126 2770 2275 2800 secum

475 2841 519 2882 in
560 2856 662 2886 suos
703 2842 963 2898 capellanos,
1004 2854 1288 2896 quoscunque
1328 2844 1503 2894 optaret
1543 2839 1599 2882 de
1648 2839 1871 2894 religiosis,
1912 2839 1981 2882 vel
2025 2837 2278 2887 rectoribus,
