2456 3210
474 225 526 269 72
970 219 1102 255 LOCI
1135 219 1174 254 E
1213 221 1376 255 LIBRO
1424 219 1764 260 VERJTATUM.

528 286 778 485 ’ῗὲἵμφῖίί
802 313 833 353 (ρ

472 365 572 406 null.
639 378 679 405 rs
700 363 890 405 admissa
912 363 992 405 fuit
1023 370 1314 418 praeterquam
1346 379 1416 406 ars
1446 365 1664 407 scribendi
1685 371 1729 407 et
1751 365 2070 421 multiplicandi
2092 365 2285 410 san'ctos-

472 451 517 486 et
569 444 800 486 ecessarios
823 443 966 492 libros,
990 449 1034 485 et
1062 450 1167 485 tunc
1195 445 1332 486 sancti
1358 450 1506 498 patres
1527 446 1582 487 de
1603 446 1728 487 bonis
1760 447 1946 488 annexis
1968 447 2055 489 suis
2077 447 2268 490 ecclesiis

471 524 791 578 episcopalibus
807 524 1023 565 dotabant
1040 524 1241 565 ecclesias
1258 525 1541 578 parochiales,
1558 532 1606 567 ut
1624 516 1810 568 rectores
1827 527 1965 569 sancti
1982 533 2026 569 et
2042 527 2267 570 scientifici

471 606 707 647 earundem
730 604 1008 646 ecclesiarum
1031 605 1344 658 parochialium
1367 606 1543 647 liberius
1566 613 1610 647 et
1632 607 1787 648 melius
1811 607 2014 661 operibus
2035 609 2123 649 suis
2139 596 2267 649 vaca-v

470 692 582 734 rent,
604 691 647 726 et
678 690 799 726 actus
827 684 1083 737 spirituales,
1105 686 1282 736 orando,
1306 686 1545 737 scribendo,
1568 693 1612 728 et
1641 687 1932 740 praedicando,
1958 702 2036 742 per
2056 702 2103 730 se
2124 694 2168 729 et
2189 702 2268 742 per

469 766 577 807 alios
619 765 969 818 multiplicarent.
1047 766 1176 807 Heu!
1221 766 1332 808 heu!
1379 768 1527 821 qualia
1559 767 1653 821 jam
1687 769 1937 809 nutriuntur
1974 775 2017 810 et
2055 768 2267 823 multipli-

469 852 622 888 cantur
643 860 719 900 per
740 845 942 887 ecclesias
964 847 1278 900 appropriatas.
1342 848 1512 889 Revera
1535 848 1578 889 in
1600 848 1706 890 locis
1728 848 1926 902 plurimis
1949 848 2264 903 multiplicacio

469 927 740 976 ferculorum,
769 926 1021 980 juristarum
1059 933 1102 968 et
1136 928 1494 978 conciliariorum,
1530 929 1841 983 temporalium
1883 936 2073 976 actuum,
2108 936 2152 972 et
2186 944 2266 971 ex-

466 1007 625 1048 hibicio
657 1013 886 1061 potentum
917 1013 960 1047 et
988 1007 1268 1058 tirannorum,
1290 1009 1448 1062 quibus
1478 1009 1664 1062 placent,
1686 1016 1730 1050 et
1756 1010 1913 1062 quibus
1944 1010 1987 1050 in
2020 1009 2146 1051 malis
2177 1024 2264 1051 non

468 1087 784 1136 contradicunt,
817 1100 871 1128 ne
910 1101 988 1128 sua
1023 1088 1138 1129 bona
1174 1088 1435 1142 temporalia
1465 1089 1685 1140 amittant,
1719 1096 1763 1131 et
1795 1089 1830 1130 si
1866 1096 2107 1143 pensantur
2137 1104 2266 1144 aequo

462 1168 625 1222 judicio
661 1168 808 1208 omnia
836 1181 934 1221 quae
970 1182 1027 1209 ex
1061 1168 1153 1210 istis
1186 1169 1312 1210 bonis
1347 1170 1618 1223 proveniunt,
1650 1170 1883 1210 verisimile
1919 1177 1985 1211 est
2021 1171 2138 1224 quod
2176 1184 2263 1212 non

467 1249 607 1290 solum
628 1249 745 1289 bona
761 1262 895 1302 opera
917 1263 974 1290 ex
995 1262 1152 1301 genere
1174 1250 1248 1290 sed
1271 1250 1459 1303 plurima
1481 1250 1607 1300 mala,
1624 1251 1717 1291 sine
1734 1251 1892 1303 quibus
1915 1251 2125 1304 praedicta
2146 1251 2264 1292 bona

467 1343 561 1370 raro
583 1330 650 1370 vel
682 1342 902 1382 nunquam
935 1329 1175 1380 habentur3
1207 1330 1393 1372 libenter
1424 1345 1527 1384 ergo
1559 1331 1700 1385 inquit
1727 1329 1918 1372 Sanctus
1939 1330 2189 1383 Jeronimus
2221 1331 2264 1372 in

468 1410 669 1463 Epistola
686 1410 742 1451 ad
766 1442 774 1450 .
798 1443 806 1451 .
830 1443 838 1451 .
862 1409 892 1451 .¹
917 1410 1098 1451 ‘carebo
1118 1411 1331 1452 beneficio
1348 1412 1467 1465 quod
1489 1411 1567 1453 tali
1590 1417 1634 1452 et
1656 1417 1781 1453 tanto
1802 1410 1989 1452 habetur
2009 1411 2266 1465 dispendi0.’

467 1490 646 1531 ‘Vestra
661 1488 990 1540 habundancia‚'
1012 1490 1152 1544 inquit
1166 1491 1423 1545 Apostolus,
1443 1496 1452 1513 ‘
1467 1491 1652 1533 aliorum
1670 1491 1844 1545 supleat
1862 1489 2082 1545 inopiam.’
2115 1490 2264 1546 Quare

467 1584 571 1624 ergo
605 1585 691 1611 non
726 1571 885 1612 dantur
916 1572 1032 1612 bona
1069 1572 1298 1625 superflua,
1329 1587 1505 1614 annexa
1541 1572 1814 1614 monasteriis
1850 1578 1894 1612 et
1930 1571 2135 1623 ecclesiis,
2166 1572 2263 1614 aliis

467 1650 659 1692 ecclesiis
690 1651 996 1704 indigentibus,
1018 1658 1065 1693 ut
1095 1666 1242 1693 earum
1269 1653 1505 1695 necessitas
1531 1658 1800 1694 sustentetur
1825 1652 2188 1693 monasteriorum
2219 1659 2263 1694 et

467 1731 744 1773 ecclesiarum
774 1732 1236 1784 superhabundancia?
1299 1733 1389 1775 Sed
1421 1733 1531 1775 heu!
1563 1733 1672 1774 heu!
1703 1732 1806 1786 quia
1833 1746 2012 1773 munera
2037 1739 2264 1774 excaecant

465 1811 615 1852 oculos
632 1811 841 1864 judicum,
864 1818 906 1852 et
937 1813 1150 1853 bonorum
1172 1814 1483 1867 temporalium
1508 1813 1731 1867 appetitus
1761 1818 1957 1853 excaecat
1988 1811 2261 1854 intellectum

466 1898 511 1932 et
546 1892 635 1933 veri
664 1892 889 1944 judicium,
927 1899 974 1933 ut
1009 1907 1158 1934 verum
1193 1894 1309 1935 dicat
1342 1894 1460 1948 quod
1501 1893 1660 1935 falsum
1697 1899 1775 1941 est,
1811 1898 1855 1933 et
1891 1906 1915 1933 e
1951 1893 2179 1944 contrario,
2216 1899 2261 1934 et

465 1972 630 2012 bonum
662 1972 766 2013 dicit
797 1985 892 2013 esse
924 1972 1099 2023 malum,
1132 1980 1175 2014 et
1210 1974 1328 2027 quod
1363 1974 1526 2015 malum
1562 1980 1628 2015 est
1665 1973 1769 2014 dicit
1805 1972 1982 2021 bonum,
2013 1979 2057 2014 et
2092 1973 2261 2014 bonum

466 2059 510 2093 et
531 2066 681 2093 verum
703 2052 886 2105 ignorat,
907 2052 975 2093 vel
998 2067 1083 2093 non
1106 2055 1362 2105 considerat,
1383 2054 1452 2096 vel
1482 2053 1759 2103 obliviscitur,
1785 2051 1853 2094 vel
1876 2059 2001 2094 errat.
2064 2052 2104 2094 O
2128 2066 2261 2106 quam

467 2146 644 2174 necesse
675 2139 742 2174 est
772 2146 893 2173 orare
920 2132 1051 2185 juxta
1081 2133 1302 2187 eloquium
1333 2133 1484 2176 tuum!
1517 2135 1574 2176 da
1596 2133 1727 2174 michi
1750 2132 2033 2182 intellectum,
2058 2133 2260 2183 Domine,

466 2227 520 2254 ne
551 2212 680 2254 velud
711 2213 788 2254 viri
821 2212 1028 2255 Sodomae
1065 2220 1109 2254 et
1143 2213 1369 2255 Gomorrae
1404 2215 1613 2264 fecerunt,
1642 2227 1719 2267 per
1757 2227 1804 2254 se
1836 2214 2002 2254 bonum
2035 2220 2079 2254 et
2110 2226 2261 2254 verum

464 2293 622 2335 salsum
646 2300 689 2335 et
712 2293 875 2334 malum
908 2306 1002 2334 esse
1029 2300 1216 2347 putetur,
1239 2301 1283 2336 et
1304 2295 1422 2348 quod
1445 2295 1683 2349 pessimum
1707 2299 1786 2342 est,
1808 2293 1973 2334 bonum
2003 2299 2190 2347 putetur,
2212 2300 2262 2334 ut

2411 2351 2415 2367 Ι

466 2455 509 2494 in
543 2454 753 2495 Sodomia
785 2459 829 2495 et
858 2453 1085 2502 Gomorra,
1113 2454 1185 2507 qui
1216 2455 1453 2508 pessimum
1482 2460 1630 2496 actum
1661 2453 1868 2495 dixerunt
1898 2467 1992 2495 esse
2020 2416 2211 2494 bon‘iigqb

464 2380 653 2415 testatur
692 2373 879 2415 Sanctus
912 2372 1185 2426 Augustinus
1223 2375 1278 2415 de
1312 2371 1455 2416 verbis
1492 2374 1684 2422 Domini,
1721 2373 1904 2415 recitans
1944 2372 2026 2414 hoc
2065 2374 2121 2414 de
2158 2373 2247 2413 viri*
2276 2413 2392 2448 ‘4352

2140 2388 2266 2575 fi

465 2534 630 2576 licitum
660 2542 702 2576 et
732 2548 817 2575 non
846 2533 1035 2574 malum:
1067 2536 1076 2552 ‘
1092 2534 1283 2575 Reddite
1309 2548 1422 2588 ergo,
1445 2535 1799 2588 praevaricatores
1824 2534 1983 2575 divinae
2007 2532 2138 2574 volun
2163 2533 2259 2581 atis,

466 2621 510 2655 et
539 2614 829 2656 ordinacionis
859 2614 915 2655 ad
947 2626 1031 2662 cor,
1060 2614 1383 2654 considerantes
1410 2628 1560 2655 verum
1590 2614 1847 2664 evidencias,
1874 2619 1918 2655 et
1946 2627 2032 2655 non
2064 2612 2258 2654 carnales

468 2700 632 2735 vestras
660 2695 929 2743 affecciones,
957 2706 1097 2746 neque
1127 2693 1332 2740 dicentes,
1362 2693 1473 2734 “Sic
1500 2693 1613 2740 volo,
1642 2695 1701 2735 sic
1728 2693 1874 2747 jubeo,
1902 2693 1950 2735 fit
1982 2706 2061 2747 pro
2087 2692 2259 2741 racione

1088 2781 1097 2799 ¹
1123 2782 1152 2813 A
1170 2781 1272 2813 blank
1289 2782 1321 2813 in
1338 2782 1393 2814 the
1409 2783 1547 2823 original
1566 2783 1636 2816 MS.
