2456 3210
458 267 540 306 166
959 270 1089 307 LOCI
1123 270 1162 304 E
1200 270 1366 305 LIBRO
1414 269 1759 306 VERITATUM.

574 420 623 464 [p.
660 419 749 462 177-]
809 417 1079 463 Dispensare
1113 418 1187 454 vel
1220 416 1477 454 licenciam.
1539 411 1656 453 Novi
1696 411 1813 453 enim
1850 424 1986 453 unum
2022 410 2095 465 qui
2127 409 2262 465 peciit

457 508 485 536 a
519 494 714 548 quodam
748 493 957 536 cardinali
993 495 1038 536 in
1069 492 1239 547 Anglia
1270 498 1320 533 ut
1355 491 1654 534 nominaretur
1686 491 1937 546 capellanus
1972 489 2183 545 ejusdem,
2216 494 2262 532 et

458 574 541 615 sibi
582 575 795 616 concessit
831 579 880 615 ut
912 574 973 616 sic
1006 580 1245 624 vocaretur,
1280 578 1327 614 et
1356 579 1454 614 tum
1487 586 1713 626 nunquam
1752 573 1813 614 sic
1848 571 1957 623 fuit3
1994 576 2039 613 et
2073 570 2155 612 sub
2186 569 2263 612 illa

459 654 770 696 informacione
811 654 1003 707 optinuit
1041 667 1069 694 a
1104 667 1220 708 papa
1257 653 1462 707 Eugenio
1502 654 1613 694 duas
1654 651 1861 695 ecclesias
1899 650 2262 707 incompatibiles,

461 741 506 776 et
531 748 618 776 non
651 734 840 776 residere
870 734 914 775 in
940 734 1089 788 aliqua
1118 747 1296 785 earum;
1333 740 1378 774 et
1403 732 1580 775 licentia
1610 733 1685 775 illa
1713 734 1917 775 utebatur
1941 746 2103 775 vacans
2131 745 2263 774 vena-

460 816 657 858 cionibus
689 822 733 858 et
763 815 930 857 deliciis
960 815 1153 869 corporis
1186 815 1311 868 quasi
1344 814 1465 856 omni
1496 814 1578 856 die.

578 902 631 946 [p.
657 902 744 944 178.]
807 896 868 937 Et
900 896 1001 938 ideo
1037 895 1258 950 collegiati
1288 895 1383 949 jam
1414 899 1458 936 et
1488 895 1820 949 approprietarii
1863 894 2158 944 ecclesiarum,
2189 894 2265 948 qui

461 977 628 1019 habent
673 977 877 1020 ecclesias
916 977 978 1019 eis
1021 990 1219 1018 annexas
1259 990 1335 1018 seu
1376 976 1691 1030 appropriatam,
1724 981 1883 1031 optant
1922 975 2015 1030 jam
2058 974 2267 1018 exhibere

458 1058 552 1111 jam
588 1058 852 1100 rusticaliter
887 1064 931 1100 et
972 1057 1282 1099 insufficienter
1321 1069 1458 1098 unum
1495 1057 1783 1108 sacerdotem,
1815 1057 2011 1109 inscium,
2042 1056 2266 1105 viciosum,

464 1145 508 1180 et
544 1138 739 1180 ideotam
776 1139 851 1193 qui
892 1152 972 1180 nec
1012 1138 1106 1189 scit,
1146 1151 1226 1179 nec
1267 1143 1428 1192 potest,
1466 1150 1547 1179 nec
1586 1136 1680 1178 vult
1715 1151 1767 1178 ea
1802 1137 1946 1180 facere
1986 1151 2085 1192 quae
2120 1150 2269 1179 neces-

463 1219 576 1260 saria
607 1227 708 1261 sunt
739 1233 853 1261 curae
885 1219 1145 1269 animarum,
1174 1224 1219 1260 et
1250 1218 1325 1272 qui
1356 1231 1436 1260 nec
1467 1218 1560 1270 scit,
1590 1231 1671 1259 nec
1702 1224 1849 1272 potest
1880 1225 2033 1261 contra
2063 1232 2139 1260 eos
2169 1231 2270 1272 pro-

464 1300 692 1353 prietarios
717 1300 956 1354 quaerelam
987 1299 1140 1350 facere,
1162 1313 1240 1340 nec
1271 1299 1383 1341 vicia
1413 1312 1565 1341 eorum
1596 1298 1867 1354 redarguere,
1899 1313 1979 1342 nec
2010 1307 2164 1342 contra
2194 1311 2271 1340 eos

464 1378 594 1431 loqui,
627 1391 707 1420 nec
748 1378 991 1419 remedium
1028 1391 1109 1419 nec
1144 1377 1555 1432 augmentacionem
1590 1377 1732 1419 victus
1767 1377 1834 1418 sui
1869 1391 2080 1431 quaerere.
2154 1377 2270 1419 Novi

466 1460 581 1499 enim
614 1472 748 1499 unum
781 1472 992 1512 magnum
1023 1459 1068 1500 in
1101 1458 1280 1509 mundo,
1303 1458 1487 1500 idiotam
1518 1458 1705 1512 ingenio,
1726 1458 1983 1512 simpliciter
2012 1459 2196 1501 inscium
2227 1458 2272 1500 in

466 1539 753 1591 grammatica
782 1546 826 1581 et
858 1539 902 1580 in
929 1552 1192 1593 quacunque
1223 1538 1405 1580 scientia
1424 1552 1539 1590 vera,
1559 1544 1815 1592 promotum
1836 1552 1915 1592 per
1945 1552 2080 1580 unum
2109 1552 2271 1593 regem,

468 1625 512 1660 et
542 1633 622 1672 per
648 1619 875 1660 licenciam
903 1633 1031 1673 papae
1064 1619 1254 1673 Eugenii
1285 1617 1385 1673 iiijfl,
1418 1619 1462 1660 in
1496 1633 1707 1673 magnum
1737 1618 2141 1661 archidiaconatum
2172 1633 2275 1661 cen-

467 1705 564 1740 tum
601 1698 809 1740 librarum
847 1700 891 1740 in
926 1699 1086 1749 valore,
1116 1705 1160 1740 et
1197 1699 1332 1740 etiam
1368 1699 1412 1740 in
1446 1699 1708 1753 praebendas
1743 1698 1977 1741 duodecim
2012 1698 2143 1740 simul
2173 1713 2273 1741 cum

468 1779 562 1829 hoc,
604 1784 648 1820 et
689 1791 767 1832 per
807 1792 875 1819 xx
916 1792 1068 1828 annOS,
1111 1785 1160 1820 ut
1194 1793 1278 1833 ego
1318 1780 1433 1828 novi,
1478 1780 1667 1829 retinuit,
1709 1786 1755 1821 et
1791 1785 1941 1820 tamen
1977 1780 2275 1837 nusquamvin

468 1859 616 1912 aliqua
647 1872 796 1899 earum
827 1858 1166 1911 praebendarum
1198 1873 1277 1901 nec
1309 1860 1353 1900 in
1384 1860 1532 1914 aliqua
1561 1859 1801 1914 praebenda
1830 1859 1923 1911 fuit,
1950 1873 2030 1902 nec
2061 1860 2121 1901 ibi
2152 1873 2276 1902 man·

470 1940 539 1988 sit,
576 1952 656 1980 nec
697 1951 833 1979 unum
874 1938 1102 1979 denarium
1137 1939 1199 1981 eis
1239 1940 1282 1980 in
1319 1940 1548 1982 elimosina
1583 1941 1718 1989 dedit,
1753 1953 1832 1982 nec
1874 1954 2010 1981 unum
2045 1941 2275 1982 denarium

472 2019 648 2074 recepit,
689 2018 770 2059 nisi
811 2020 1054 2060 secundum
1094 2020 1370 2063 voluntatem
1410 2022 1600 2062 virorum
1641 2020 1913 2071 secularium,
1955 2021 2029 2075 qui
2071 2020 2278 2063 ecelesias

473 2113 574 2142 suas
610 2105 654 2140 et
687 2099 948 2152 praebendas
984 2100 1027 2140 in
1061 2114 1192 2141 manu
1230 2116 1312 2143 sua
1347 2101 1491 2144 laicali
1523 2101 1803 2151 retinuerunt,
1837 2108 1882 2143 et
1916 2116 1996 2157 per
2026 2117 2095 2143 xx
2124 2115 2276 2152 annos,

472 2188 518 2223 et
546 2181 589 2221 in
615 2178 971 2222 archidiaconatu
1000 2194 1080 2221 suo
1117 2194 1252 2222 unum
1281 2166 1513 2223 officialem
1544 2181 1856 2224 ordinaverunt
1888 2183 1946 2224 ad
1980 2183 2278 2238 colligendum

473 2262 681 2315 pecunias
706 2261 826 2301 omni
847 2273 976 2309 ann0,
1001 2267 1044 2302 et
1067 2260 1296 2303 licenciam
1317 2275 1405 2304 non
1425 2261 1644 2312 visitandi,
1666 2268 1710 2303 et
1736 2268 1785 2304 ut
1810 2277 1897 2304 non
1921 2270 2036 2306 esset
2061 2264 2278 2316 sacerdos,

475 2357 500 2383 a
521 2354 639 2396 papa
660 2340 863 2394 Eugenio
883 2340 1063 2391 habuit3
1096 2348 1140 2382 et
1169 2341 1266 2384 laici
1294 2342 1492 2396 praedicti
1522 2356 1580 2384 ex
1608 2342 1812 2385 omnibus
1838 2344 2061 2387 beneficiis
2086 2345 2175 2387 suis
2202 2346 2280 2388 de-

475 2424 633 2465 derunt
661 2423 700 2464 ei
726 2427 899 2463 tanturn
930 2423 1159 2464 annuatim
1188 2429 1404 2477 quantum
1431 2423 1492 2464 eis
1523 2422 1699 2476 placuit,
1720 2424 1797 2464 vix
1818 2439 1864 2465 x.
1887 2425 1958 2478 li.;
1990 2432 2034 2468 et
2062 2427 2183 2468 omni
2208 2427 2280 2469 die

475 2504 565 2545 fere
592 2504 693 2545 novi
723 2516 824 2544 eum
851 2503 1018 2544 ebrium
1048 2502 1207 2555 fuisse3
1240 2510 1285 2546 et
1315 2504 1418 2558 quia
1446 2503 1527 2544 fuit
1558 2503 1719 2545 stultus
1750 2519 1850 2546 cum
1879 2507 2073 2560 quodam
2099 2520 2212 2561 rege,
2236 2513 2282 2549 et

477 2583 634 2626 ludens
664 2597 765 2625 cum
787 2597 839 2625 eo
869 2584 913 2624 in
934 2582 1177 2637 juventute,
1201 2586 1302 2627 ideo
1323 2585 1383 2626 sic
1413 2590 1642 2638 promotus
1670 2585 1751 2628 fuit
1776 2600 1854 2640 per
1884 2588 2122 2630 instancias
2150 2588 2283 2631 laico-

479 2678 586 2715 rum,
617 2665 691 2718 qui
721 2664 940 2706 vocabant
967 2664 1136 2718 seipsos
1167 2666 1404 2707 creditores
1435 2665 1581 2719 ipsius,
1610 2672 1655 2707 et
1688 2672 1837 2709 tamen
1868 2682 1947 2722 per
1976 2682 2141 2710 annum
2172 2670 2283 2711 inte-

479 2758 604 2797 grum
631 2759 719 2786 non
746 2745 985 2787 visitabant
1017 2758 1130 2787 eum.
1194 2746 1293 2788 Heu
1309 2750 1323 2787 ἔν
1355 2745 1466 2787 heu!
1504 2752 1613 2799 quot
1643 2748 1760 2790 mala
1792 2756 2035 2803 sequuntur
2063 2750 2171 2791 dato
2196 2763 2283 2791 uno

482 2822 609 2870 malo,
637 2829 750 2864 teste
782 2821 905 2865 Deo!
968 2822 1066 2876 Ego
1099 2823 1254 2864 doctor
1286 2823 1385 2865 novi
1419 2823 1502 2864 ista
1535 2837 1630 2865 esse
1661 2839 1762 2868 vera
1789 2832 1832 2867 et
1865 2827 1998 2868 etiam
2029 2826 2235 2879 pessima.
