2456 3210
401 193 454 236 28
900 197 1031 239 LOCI
1065 196 1105 231 E
1142 195 1309 231 LIBRO
1356 194 1700 230 VERITATUM

401 339 578 381 solvunt
608 338 772 392 primos
802 337 966 379 fructus
996 350 1173 379 suorum
1205 336 1549 390 episcopatuum.
1611 335 1726 376 Istas
1762 333 2074 388 conclusiones,
2105 349 2205 391 quae

401 425 506 461 sunt
534 419 821 474 plurimorum
853 418 1069 459 malorum
1099 417 1288 471 origines
1318 421 1363 457 et
1392 415 1654 466 occasioneS,
1686 415 1942 469 praedicavit
1970 409 2206 470 praedictus

397 499 550 541 ,Pecok
584 500 813 554 episcopus
848 498 1061 552 praedicto
1093 511 1210 538 anno
1245 495 1412 537 domini
1451 506 1557 547 1447
1594 496 1652 536 ad
1683 509 1856 537 crucem
1893 494 2045 538 Sancti
2083 496 2207 538 Pauli

380 579 651 621 -Londoniae
683 586 728 621 et
758 579 941 620 tradidit
968 592 1043 620 eas
1073 578 1257 632 scriptas
1287 576 1331 617 in
1362 575 1567 630 Anglico,
1591 576 1799 630 episcopo
1825 577 2104 627 Norwicensi,
2127 590 2208 619 suo

404 659 575 710 fautori,
609 665 653 700 et
689 659 895 713 episcopo
927 657 1160 708 Cicestriae,
1198 663 1243 698 et
1279 656 1488 710 magistro
1518 655 1758 714 Vincencio
1793 655 2009 708 Clement,
2039 657 2208 699 doctori

403 739 620 790 insolenti,
642 739 716 792 qui
741 738 931 780 Oxoniae
960 739 1003 779 in
1027 738 1253 792 theologia
1277 737 1441 790 incepit
1465 736 1509 777 in
1535 736 1688 777 ordine
1714 736 1974 779 diaconatus
2001 737 2209 789 existens,

404 820 543 873 gradu
567 833 646 860 suo
668 824 852 873 optento
874 819 1004 860 minis
1025 824 1069 860 et
1090 818 1327 873 promissis,
1349 822 1395 858 et
1411 817 1592 858 diversis
1612 816 1767 858 litteris
1789 817 1916 871 regiis
1937 823 1982 858 et
2006 817 2210 859 brevibus

405 900 534 953 regiis
552 899 694 940 missis
715 905 867 941 contra
888 913 963 941 eos
984 899 1059 953 qui
1080 899 1124 939 in
1146 912 1307 952 magna
1327 897 1671 952 congregacione
1692 898 1943 950 regencium
1970 903 2014 939 et
2034 911 2122 940 non
2144 911 2212 940 re—

403 980 608 1034 gencium
630 979 674 1020 in
693 979 872 1022 Oxonia
892 980 1083 1034 graciam
1106 992 1230 1020 suam
1251 979 1437 1032 petitam
1459 991 1518 1019 ex
1539 991 1618 1018 sua
1639 978 1909 1020 consciencia
1930 985 2211 1033 negaverunt.

522 1059 781 1112 Antequam
812 1059 1043 1101 deveniam
1074 1059 1131 1100 ad
1163 1058 1535 1113 improbacionem
1561 1058 1716 1112 primae
1744 1064 1793 1099 2ae
1821 1064 1867 1099 et
1893 1064 1947 1108 4²³⁸
1970 1058 2213 1101 conclusio-

405 1140 484 1187 nis,
522 1139 725 1181 invocata
767 1139 956 1194 Spiritus
996 1139 1148 1182 Sancti
1190 1138 1348 1193 gracia,
1382 1138 1615 1180 ostendam
1654 1143 1742 1179 tres
1782 1151 1935 1180 causas
1970 1140 2213 1194 praecipuas

405 1218 639 1260 haeresium
680 1227 726 1261 et
765 1233 976 1262 errorum.
1052 1219 1197 1260 Prima
1243 1225 1311 1260 est
1357 1219 1477 1272 quod
1523 1231 1612 1259 non
1651 1217 1804 1259 volunt
1846 1217 2049 1278 homines
2088 1220 2212 1274 sequi

405 1312 627 1341 sacrarum
678 1300 990 1354 scripturarum
1044 1300 1352 1341 auctoritatem
1402 1299 1481 1340 sed
1537 1298 1743 1340 humanae
1793 1299 1977 1340 racionis
2021 1314 2211 1351 sensum,

408 1385 524 1421 teste
573 1386 728 1421 sancto
778 1385 824 1422 et
871 1380 1021 1422 celesti
1070 1379 1252 1421 doctore
1300 1379 1528 1433 Jeronimo
1578 1392 1707 1433 super
1756 1378 1885 1421 Oseae
1934 1380 2213 1434 prophetiam

409 1459 605 1513 capitulo
637 1460 714 1500 vii⁰
746 1466 911 1502 textus.

528 1538 732 1581 Secunda
772 1554 903 1582 causa
944 1546 1023 1588 est,
1055 1541 1175 1594 quod
1216 1553 1304 1581 non
1344 1540 1567 1582 humiliter
1605 1554 1653 1581 se
1689 1536 1878 1581 retinent
1913 1540 2023 1580 infra
2066 1541 2217 1582 termi-

406 1632 492 1663 nos
523 1626 774 1661 sanctorum
806 1627 995 1673 patrum,
1026 1620 1104 1661 sed
1135 1620 1404 1662 transferunt
1432 1635 1480 1662 se
1511 1621 1630 1675 ipsos
1667 1619 1780 1661 ultra
1811 1626 2062 1660 sanctorum
2093 1620 2216 1663 testi-

411 1699 575 1748 monia,
606 1706 652 1741 et
682 1699 1005 1753 philosophiam
1041 1700 1285 1741 naturalem
1321 1700 1430 1742 false
1463 1701 1690 1755 applicant
1723 1699 1783 1741 ad
1817 1712 1947 1740 suum
1983 1699 2215 1742 intentum.

412 1779 583 1821 Omnes
614 1780 731 1820 enim
763 1779 957 1821 haeretici
993 1780 1162 1833 antiqui
1193 1780 1383 1822 haereses
1416 1794 1523 1822 ‘suas
1557 1780 1851 1821 fundaverunt
1881 1786 1926 1821 et
1955 1786 2218 1834 argumenta

410 1873 492 1901 sua
532 1859 577 1900 in
616 1859 746 1901 dictis
786 1858 1149 1914 philosophorum·
1188 1860 1431 1914 gentilium,
1471 1861 1584 1903 sicut
1625 1860 1856 1901 Ennomus
1896 1861 2054 1913 posuit,
2096 1861 2217 1915 quod

413 1946 568 1981 natum
614 1944 681 1980 est
729 1938 866 1980 habet
917 1953 1012 1981 esse
1051 1946 1153 1993 post
1194 1954 1282 1981 non
1323 1955 1448 1992 esse3
1498 1941 1695 1982 Verbum
1745 1940 1840 1990 Dei,
1882 1941 2002 1994 quod
2045 1946 2218 1995 ponunt

414 2018 569 2061 Xtiani
601 2032 696 2060 esse
731 2025 898 2070 natum,
929 2033 1034 2073 ergo
1064 2019 1198 2062 habet
1228 2034 1324 2062 esse
1353 2026 1456 2075 post
1488 2034 1576 2062 non
1608 2034 1714 2070 esse,
1745 2026 1790 2061 et
1820 2019 1880 2061 sic
1910 2021 2218 2075 consequitur:

413 2100 611 2141 Verbum
647 2099 692 2140 in
721 2099 879 2140 divinis
910 2104 976 2140 est
1005 2113 1116 2153 pura
1147 2107 1357 2142 creatura.
1421 2100 1653 2151 Manichei,
1684 2107 1734 2142 ut
1769 2100 1983 2142 evitarent
2015 2101 2219 2143 inconve-

415 2179 550 2230 niens,
581 2184 822 2234 posuerunt
853 2192 1062 2232 magnum
1099 2180 1419 2232 inconveniens,
1449 2186 1499 2222 ut
1530 2180 1646 2222 enim
1684 2180 1806 2222 Deus
1836 2195 1948 2222 unus
1978 2194 2066 2222 non
2101 2186 2220 2222 esset

413 2266 569 2302 auctor
588 2259 815 2307 malorum,
838 2266 1078 2312 posuerunt
1099 2261 1210 2302 duos
1232 2262 1352 2311 deos,
1373 2274 1508 2302 unum
1529 2260 1769 2309 celestium,
1783 2260 1916 2301 alium
1938 2261 2221 2314 terrestrium,

415 2346 461 2381 et
497 2340 560 2381 sic
599 2353 754 2381 omnes
793 2339 952 2380 rivulos
992 2346 1350 2393 argumentorum
1385 2353 1562 2382 suorum
1605 2354 1663 2381 ex
1695 2340 1825 2382 dictis
1858 2339 2220 2395 philosophorum

418 2420 664 2466 trahebant,
687 2420 744 2460 de
775 2419 934 2472 quibus
965 2420 1070 2461 dicit
1100 2420 1327 2473 apostolus
1357 2420 1414 2461 ad
1448 2420 1674 2461 Romanos
1705 2421 1822 2474 quod
1851 2427 2030 2475 propter
2062 2434 2222 2475 magna

418 2507 600 2554 peccata
634 2499 817 2542 tradidit
857 2512 943 2549 eOS,
979 2499 1056 2540 i.e.
1091 2500 1205 2541 tradi
1247 2500 1445 2554 permisit
1481 2500 1524 2539 in
1567 2500 1797 2553 reprobum
1839 2514 2027 2552 sensum,
2063 2501 2089 2542 i.
2102 2514 2138 2542 e.
2176 2500 2221 2541 in

418 2579 573 2620 falsum
603 2579 886 2627 intellectum,
910 2584 958 2619 ut
983 2579 1140 2620 salsum
1168 2580 1435 2621 affirmarent
1463 2580 1581 2633 quod
1604 2593 1754 2621 verum
1781 2587 1901 2633 erat;
1930 2587 1975 2623 et
1995 2580 2224 2634 aequaliter

419 2659 514 2701 haec
553 2660 746 2702 secunda
784 2673 914 2702 causa
946 2665 1070 2713 patet
1102 2674 1181 2713 per
1212 2665 1414 2702 sanctum
1454 2658 1727 2712 Jeronimum
1761 2674 1893 2714 super
1926 2661 2077 2703 Naum
2118 2674 2220 2714 pro-

421 2738 629 2791 phetiam,
662 2740 854 2795 capitulo
887 2740 960 2781 iii0.
