2456 3210
600 246 729 283 LOCI
764 247 805 281 E
842 246 1009 282 LIBRO
1055 243 1401 280 VERITATUM.
1827 243 1909 287 125

106 387 213 431 teris
241 390 457 432 concessis
491 389 884 445 indulgenciamm,
916 389 999 430 fuit
1034 388 1244 443 magister
1278 387 1434 428 Petrus
1465 386 1522 427 de
1553 385 1723 435 Monte,
1751 382 1912 424 artium

107 469 318 523 magister
355 476 402 512 et
435 470 587 525 legum
626 471 793 521 doctor,
830 470 1046 525 superbus
1083 468 1369 510 Lumbardus
1407 466 1550 518 valde,
1585 465 1662 520 qui
1701 464 1912 506 recedens

107 549 167 591 ab
199 548 369 603 Anglia
407 564 508 592 cum
546 550 851 593 innumerabili
890 550 1113 600 thesauro,
1151 549 1337 591 collecto
1377 562 1459 602 pro
1497 547 1654 589 litteris
1694 546 1913 588 concessis

107 629 486 684 indulgenciamm
514 631 750 686 papalium,
774 631 938 686 juravit
966 645 1048 685 per
1072 644 1230 685 corpus
1259 630 1351 680 Xti,
1372 629 1418 670 in
1444 628 1683 683 praesencia
1708 626 1911 681 Magistri

107 709 330 752 Vincentii
365 709 583 761 Clement,
611 712 804 754 doctoris
834 711 1082 766 theologiae,
1109 713 1119 731 ‘
1132 711 1252 765 quod
1283 724 1400 764 papa
1430 709 1655 764 Eugenius
1686 721 1912 761 nunquam

108 790 294 832 haberet
328 790 426 832 illas
463 792 670 846 pecunias
709 793 926 841 collectas,
970 792 1051 833 nisi
1090 805 1208 846 papa
1246 791 1367 845 prius
1407 791 1602 833 mitteret
1642 789 1725 830 sibi
1768 788 1913 830 bullas

111 872 256 931 ipsum
279 871 458 913 Petrum
489 872 582 915 fore
610 873 991 928 archiepiscopum
1018 872 1399 914 Mediolanensem
1410 869 1434 920 ;’
1471 878 1516 913 et
1543 858 1652 912 istas
1682 869 1913 924 indulgen-

111 952 203 993 cias
231 952 446 995 concessit
476 953 702 1008 Eugenius
735 954 943 996 dantibus
978 959 1145 995 certam
1179 954 1433 1007 porcionem
1466 952 1684 993 bonorum
1719 965 1913 1001 suorum,

113 1038 160 1073 et
190 1045 324 1074 causa
355 1034 521 1075 motiva
552 1035 842 1077 concessionis
874 1048 1002 1089 papae
1036 1033 1120 1076 fuit
1151 1047 1232 1087 pro
1261 1033 1469 1087 expensis
1497 1047 1640 1087 papae,
1670 1047 1780 1087 quas
1809 1032 1915 1075 fecit

113 1112 227 1173 circa
261 1111 438 1155 Graecos
473 1114 619 1156 unitos
658 1115 762 1156 fidei
801 1115 1029 1157 catholicae
1067 1121 1112 1156 et
1152 1114 1371 1155 Romanae
1410 1113 1606 1156 ecclesiae
1647 1113 1692 1154 in
1731 1112 1915 1155 concilio

114 1192 390 1243 Fen-ariensi,
414 1193 628 1236 translato
654 1196 711 1237 de
740 1196 902 1237 Basilia
929 1196 987 1237 ad
1013 1195 1284 1247 Ferrariam3
1317 1202 1362 1237 et
1389 1202 1486 1237 tum
1514 1195 1558 1236 in
1585 1194 1753 1249 Anglia
1778 1194 1914 1248 aliqui

115 1272 324 1315 emebant
360 1272 509 1316 literas
547 1274 923 1329 indulgenciamm
965 1283 1011 1319 et
1048 1278 1284 1330 potestatis
1330 1276 1587 1318 absolvendi
1627 1276 1671 1316 in
1710 1275 1916 1316 omnibus

114 1352 289 1395 oesibus
320 1367 401 1408 pro
434 1354 607 1396 duobus
636 1356 839 1406 denariis,
872 1363 918 1398 et
961 1356 1096 1411 aliqui
1136 1371 1215 1411 pro
1250 1357 1403 1398 oblatu
1444 1356 1674 1406 cerevisiae,
1706 1363 1751 1397 et
1779 1355 1915 1409 aliqui

115 1445 197 1486 pro
229 1438 332 1475 actu
362 1433 501 1476 fetido
529 1437 711 1490 peccati,
738 1443 783 1479 et
813 1437 948 1492 aliqui
977 1437 1227 1479 habuerunt
1256 1436 1454 1479 calathos
1483 1437 1638 1491 plenos
1668 1437 1725 1478 de
1759 1436 1916 1478 litteris

115 1512 491 1568 indulgenciamm
523 1517 582 1559 ad
611 1517 893 1559 vendendum
924 1531 999 1559 eas
1027 1531 1105 1571 per
1134 1518 1324 1572 patriam
1352 1518 1449 1559 illas
1479 1531 1625 1559 emere
1653 1517 1914 1566 volentibus,

114 1600 163 1636 et
189 1595 371 1637 nomina
399 1610 550 1638 eorum
574 1605 678 1652 post
706 1599 982 1653 empcionem
1007 1599 1182 1640 inscribi
1207 1598 1403 1640 fecerunt
1431 1599 1476 1640 in
1499 1598 1656 1640 litteris
1686 1599 1915 1647 concessis,

115 1682 164 1719 et
185 1674 320 1731 aliqui
346 1676 568 1730 dixerunt,
587 1678 713 1732 ‘Jam
734 1679 882 1720 Roma
906 1680 1027 1720 venit
1050 1679 1107 1720 ad
1134 1678 1327 1720 hostium
1356 1675 1583 1728 nostrum‚'
1608 1684 1653 1720 et
1682 1692 1769 1720 non
1794 1693 1918 1720 cura-

115 1757 227 1799 bant
266 1756 403 1812 aliqui
454 1759 573 1801 mala
620 1759 772 1811 facere,
813 1766 1021 1814 putantes
1066 1773 1115 1801 se
1163 1759 1369 1801 facillime
1415 1760 1590 1802 veniam
1631 1766 1676 1801 et
1723 1761 1916 1814 graciam

118 1840 327 1893 consequi
364 1853 445 1894 per
482 1841 810 1882 concessionem
848 1854 1008 1894 papae3
1049 1848 1094 1882 et
1134 1854 1213 1882 rex
1253 1840 1505 1896 Aragoniae,
1546 1841 1771 1892 Alfonsus,
1812 1848 1918 1882 tunc

119 1920 237 1961 dixit
266 1934 395 1975 papae
425 1921 657 1975 Eugenio:
699 1921 923 1963 ‘Ecclesia
955 1921 1159 1963 Romana
1189 1922 1283 1975 jam
1326 1930 1392 1964 est
1425 1937 1527 1965 vere
1563 1924 1783 1970 meretrix,
1816 1923 1917 1976 quia

121 2003 307 2056 exponit
335 2016 384 2043 se
413 2003 656 2056 cuicunque
691 2003 858 2055 petenti
890 2015 971 2055 pro
1006 2001 1226 2056 pecuniis?

237 2087 284 2131 [p.
303 2087 395 2130 61o.]
423 2081 591 2124 Audivi
622 2096 771 2136 nuper,
793 2096 909 2123 anno
936 2083 1014 2125 Xti
1040 2089 1183 2139 1453⁰‚
1205 2086 1324 2139 qu'od
1357 2100 1470 2127 unus
1499 2086 1761 2139 praedicator
1783 2084 1918 2131 verbi,

96 2162 307 2216 'cupidus
344 2162 553 2215 pecuniae,
582 2163 698 2205 dixit
738 2164 781 2204 in
812 2177 1013 2205 sermone
1041 2164 1244 2224 pu—glico:
1285 2165 1472 2208 ‘Sciatis
1512 2179 1665 2208 omnes
1700 2166 1771 2206 hic
1806 2178 1918 2218 prae-

123 2248 280 2293 sentes,
320 2242 439 2295 quod
478 2243 514 2284 si
553 2243 712 2299 aliquis
750 2252 943 2287 vestrum
982 2247 1059 2287 det
1099 2245 1230 2287 michi
1270 2247 1340 2288 vel
1380 2247 1508 2288 alicui
1550 2248 1606 2287 de
1645 2247 1780 2288 domo
1821 2259 1919 2286 mea

125 2336 260 2364 unum
300 2323 540 2375 denarium,
574 2324 744 2367 solutus
784 2333 852 2367 est
892 2327 950 2368 ab
989 2326 1109 2367 omni
1149 2327 1415 2380 poenitencia
1463 2327 1656 2381 injuncta
1698 2329 1735 2367 ei
1777 2340 1803 2367 a
1840 2340 1920 2367 suo

124 2408 276 2445 curato
303 2402 375 2444 vel
409 2403 468 2445 ab
499 2404 589 2446 alio
622 2407 850 2449 sacerdote
866 2404 897 2457 ;'
938 2413 984 2448 et
1013 2419 1163 2447 revera
1197 2406 1474 2461 indulgencia
1512 2420 1719 2448 concessa
1748 2420 1775 2447 a
1805 2420 1921 2460 papa

125 2498 214 2525 non
248 2482 380 2525 solvit
415 2483 640 2528 hominem
672 2487 731 2529 ab
766 2487 971 2542 operibus
1006 2487 1164 2528 debitis
1191 2486 1379 2540 justiciae
1414 2488 1493 2529 sed
1531 2488 1682 2541 pocius
1716 2501 1743 2527 a
1777 2488 1921 2540 poenis

125 2564 343 2618 impositis
371 2577 398 2605 a
427 2577 606 2618 canone,
624 2566 652 2607 i.
666 2580 704 2608 e.
725 2581 753 2609 a
782 2568 882 2622 lege
911 2567 1136 2616 canonica,
1157 2573 1202 2608 et
1227 2581 1255 2608 a
1284 2569 1551 2622 poenitencia
1581 2567 1809 2608 arbitraria
1837 2567 1920 2607 im-

39 2651 44 2654 ·
124 2644 271 2699 posita
300 2642 528 2686 confitenti
556 2658 584 2686 a
613 2647 855 2689 sacerdote.

254 2728 334 2772 [lb.]
411 2723 549 2765 Anno
589 2725 669 2766 Xti
714 2736 835 2781 1445,
873 2740 1092 2768 concessae
1138 2727 1427 2781 indulgenciae
1470 2742 1497 2768 a
1540 2726 1661 2779 Papa
1706 2726 1748 2767 N
1753 2725 1921 2768 icholao

126 2804 283 2857 quinto
316 2804 420 2845 anni
446 2803 598 2857 jubilei
629 2806 830 2848 omnibus
861 2808 1057 2848 contritis
1088 2813 1132 2849 et
1167 2807 1375 2849 confessis
1409 2808 1480 2859 qui
1518 2812 1719 2859 quartam
1750 2811 1920 2860 partem
