2456 3210
446 277 526 320 ]70
949 275 1080 311 LOCJ
1114 276 1153 311 E
1191 277 1366 314 LIBROV
1404 277 1749 314 VERJTATUM.

424 418 672 475 *religiosus
705 419 748 460 in
783 420 1049 461 monasterio
1081 419 1205 474 Syon
1237 420 1281 461 in
1304 419 1484 473 Anglia,
1510 420 1614 462 fecit
1644 419 1772 461 scribi
1805 420 1975 471 Romae,
2007 421 2248 469 secundum

445 499 701 553 Registrum
734 513 862 554 papae
894 500 1075 542 Martini
1110 501 1263 555 quinti,
1292 501 1471 554 quando
1502 500 1621 542 idem
1651 500 1824 554 Symon
1851 500 2053 554 Wynter,
2083 495 2248 543 ordinis

445 579 597 622 Sancti
627 580 879 630 Salvatoris‚
913 580 994 622 fuit
1028 581 1187 622 Romae
1225 595 1325 622 curn
1357 581 1537 622 domino
1568 580 1745 622 Thoma
1773 580 2069 635 Fyschborne‚
2103 582 2247 636 primo

441 661 690 702 confessore
721 660 914 715 generali
951 661 994 702 in
1033 662 1299 703 monasterio
1330 661 1466 716 Syon,
1498 675 1631 715 quem
1663 661 1821 715 vulgus
1855 667 1987 704 vocat
2019 661 2275 714 Scheene3-

440 742 518 794 qui
560 741 791 790 confessor,
824 747 928 783 ante
969 741 1197 784 introitum
1238 742 1282 783 in
1324 741 1591 796 religionem,
1621 734 1704 783 fuit
1749 755 1934 796 magnus
1973 741 2164 796 armiger
2203 749 2248 785 et

444 822 634 863 denotus
667 822 710 862 in
743 821 868 864 boria
897 821 1089 876 Angliae,
1112 829 1242 864 natus
1277 823 1394 864 ultra
1423 822 1689 872 Eboracum,
1719 836 1852 876 quem
1887 836 1970 876 ego
1999 821 2248 878 Gascoigne

441 902 543 953 vidi,
581 909 625 944 et
665 902 795 944 valde
828 903 928 944 Deo
969 903 1179 945 devotum
1211 903 1438 957 reputavi:
1481 909 1526 944 et
1562 903 1723 944 librum
1763 903 2023 957 praedictum
2063 908 2248 945 attesta-

416 983 618 1024 v<tionum
660 983 761 1024 dedi
802 984 1070 1025 monasterio
1115 984 1171 1025 de
1206 983 1360 1037 Osney
1395 983 1530 1038 juxta
1570 982 1824 1034 Oxoniam3
1867 990 1911 1026 et
1951 982 2048 1025 haec
2081 983 2248 1026 Sancta

443 1063 643 1117 Birgitta‚
673 1069 875 1106 matrona
911 1064 968 1105 de
1004 1077 1138 1117 regno
1169 1063 1339 1106 Sueciae
1376 1070 1422 1106 et
1451 1070 1665 1117 perpetua
1701 1063 1781 1105 Xti
1813 1063 1920 1116 Jesu
1956 1077 2130 1117 sponsa,
2166 1063 2250 1105 fuit

441 1143 600 1184 Romae
650 1145 909 1186 canonizata
955 1158 1034 1198 per
1082 1159 1246 1199 papam
1287 1144 1562 1186 Bonisacium
1602 1144 1694 1194 ixm,
1748 1157 1791 1184 m
1833 1157 1906 1185 ccc
1961 1144 2248 1198 nonagesimo

440 1224 593 1276 primo,
628 1229 672 1277 7⁰
702 1225 774 1266 die
805 1226 968 1267 mensis
1001 1225 1218 1268 Octobris.

558 1311 608 1354 [p.
639 1311 732 1355 190.]
793 1306 940 1360 Quem
980 1312 1158 1348 textum
1196 1306 1312 1348 bene
1353 1305 1548 1347 declarat
1583 1304 1786 1346 dominus
1822 1304 2011 1346 Lincoln
2049 1304 2094 1345 in
2136 1305 2250 1359 epis-

442 1385 534 1426 tola
569 1399 648 1426 sua
681 1387 933 1440 responsiva
968 1387 1024 1428 ad
1058 1386 1294 1440 epistolam
1325 1400 1455 1440 papae
1487 1383 1738 1426 Innocencii
1769 1384 1950 1426 missam
1981 1398 2007 1426 a
2036 1398 2154 1439 papa
2189 1385 2246 1426 ad

442 1466 798 1508 archidiaconum
837 1466 1213 1518 Cantuariensem,
1255 1473 1300 1509 et
1344 1468 1403 1508 ad
1445 1465 1757 1507 Innocencium
1797 1464 2079 1506 collectorem
2119 1478 2250 1519 papae

442 1546 487 1586 in
522 1545 690 1601 Anglia
730 1561 809 1601 pro
850 1548 1098 1601 provisione
1149 1548 1432 1589 canonicatus
1474 1546 1637 1600 juveni,
1679 1545 1935 1586 Fredericus
1975 1545 2164 1596 nomine,
2205 1545 2250 1585 in

444 1626 625 1668 ecclesia
661 1627 970 1680 Lincolniensi,
1004 1629 1071 1670 cui
1105 1628 1341 1683 provisioni
1376 1627 1534 1669 fiendae
1568 1640 1649 1681 per
1682 1625 1850 1668 bullam
1883 1639 2011 1680 papae
2044 1626 2249 1666 dominus

444 1706 764 1748 Lincolniensis
806 1722 893 1749 non
932 1709 1072 1750 voluit
1112 1710 1370 1758 consentire,
1413 1708 1492 1749 sed
1538 1706 1819 1758 contradixit,
1860 1705 2009 1747 dicens
2051 1705 2096 1746 in
2134 1718 2249 1759 prae—

443 1786 562 1828 dicta
597 1787 783 1840 epistola
814 1802 892 1829 sua
925 1789 1179 1843 responsiva
1213 1789 1333 1843 quod
1366 1788 1600 1843 providens
1631 1786 1702 1828 vel
1733 1786 1899 1839 eligens
1937 1785 2072 1827 talem
2104 1786 2247 1840 indig-

442 1881 549 1908 num
585 1867 630 1908 in
666 1867 849 1909 ecclesia
881 1875 948 1910 est
988 1869 1112 1923 pejor
1146 1869 1370 1911 sodomita
1400 1867 1624 1923 corporali,
1655 1867 1758 1921 quia
1788 1866 1888 1908 talis
1922 1866 2147 1907 ordinator
2174 1865 2246 1907 vel

443 1948 680 2002 providens
719 1948 854 1989 talem
896 1949 1124 2002 indignum
1162 1950 1348 2004 impedit
1384 1955 1430 1990 et
1469 1948 1655 1990 destruit
1693 1945 2028 2000 generacionem
2072 1946 2247 2000 spiritu-

443 2027 560 2069 alem
581 2027 794 2070 virtutum
824 2028 867 2069 in
889 2029 1119 2070 animabus
1140 2029 1380 2080 hominum,
1402 2042 1512 2083 quas
1535 2028 1677 2069 bonus
1704 2032 1879 2068 curatus
1899 2026 2043 2068 verbis
2069 2026 2246 2076 sanctis,

444 2114 489 2149 et
529 2108 759 2162 exemplis,
802 2114 845 2150 et
890 2109 1093 2150 subsidiis
1134 2116 1334 2151 causaret
1373 2109 1419 2150 in
1458 2107 1646 2149 subditis
1680 2106 1811 2184 suis3
1862 2111 1907 2147 et
1947 2106 2022 2148 illa
2061 2105 2248 2160 epistola

443 2189 697 2242 responsiva
723 2189 891 2230 domini
925 2189 1166 2231 Lincolniae
1199 2189 1391 2232 doctoris
1425 2187 1609 2229 Roberti
1643 2185 1919 2227 Grosseteste
1952 2193 2020 2228 est
2054 2185 2247 2228 Oxoniae

443 2269 488 2310 in
525 2269 711 2324 collegio
743 2269 932 2311 Exoniae
969 2271 1013 2311 in
1049 2270 1233 2321 libraria,
1267 2277 1313 2313 et
1348 2270 1391 2310 in
1424 2266 1690 2310 monasterio
1721 2266 1885 2308 ordinis
1908 2266 2060 2309 Sancti
2092 2265 2247 2308 Salva-

444 2351 551 2392 toris
582 2351 627 2391 in
659 2350 785 2405 Syon
815 2351 859 2391 in
890 2350 1071 2404 Anglia.

572 2436 652 2479 [m]
711 2430 879 2473 Audivi
911 2431 1026 2472 enim
1061 2432 1230 2473 dictum
1261 2432 1379 2486 quod
1408 2442 1524 2484 papa
1552 2428 1795 2492 Romanus,
1818 2429 1968 2470 statim
1998 2432 2099 2482 post
2130 2426 2246 2469 ordi-

446 2511 676 2553 nacionem
705 2524 830 2552 suam
854 2511 898 2552 in
925 2525 1100 2565 papam,
1123 2517 1317 2554 reservat
1347 2510 1427 2551 sibi
1459 2509 1542 2563 ipsi
1573 2522 1726 2549 omnes
1757 2509 1997 2562 dignitates
2027 2507 2244 2556 electivas,

445 2590 507 2632 ita
544 2592 663 2645 quod
705 2591 866 2633 eleccio
906 2590 1026 2632 nulla
1067 2592 1184 2634 facta
1223 2593 1268 2632 in
1307 2590 1455 2644 aliqua
1496 2588 1676 2631 ecclesia
1715 2588 1956 2630 cathedrali
1995 2587 2124 2636 valet,
2165 2586 2244 2628 sed

445 2671 565 2712 solus
605 2673 698 2726 ipse
747 2672 936 2713 habetur
984 2685 1063 2725 pro
1115 2672 1255 2714 electo
1295 2671 1339 2712 in
1380 2671 1646 2724 episcopum,
1688 2683 1819 2723 quem
1859 2682 1975 2723 papa
2016 2667 2246 2708 Romanus

445 2751 647 2806 providet
682 2752 810 2794 alicui
847 2751 1041 2794 ecclesiae
1077 2752 1121 2792 in
1152 2765 1318 2805 regn03
1356 2750 1416 2792 sic
1451 2755 1547 2791 tum
1579 2750 1696 2803 quod
1733 2763 1813 2791 rex
1844 2749 1965 2803 regni
1996 2746 2245 2790 consenciat

447 2829 525 2871 tali
560 2832 796 2886 provis10ni
833 2831 961 2876 factae
996 2845 1074 2887 per
1108 2845 1271 2886 papam
1305 2831 1569 2882 Romanum,
1605 2831 1710 2885 quia
1746 2830 1827 2872 nisi
1864 2843 1943 2871 rex
1983 2827 2105 2881 regni
2140 2839 2242 2868 con-
