2456 3210
723 330 856 366 LOCI
889 330 929 364 E
965 329 1133 366 LIBRO
1178 328 1525 365 VERJTATUM.
1948 338 2028 380 143

225 476 497 518 voluntatem
531 487 656 515 suam
686 474 923 528 propriam,
955 474 1157 527 quamvis
1184 487 1337 516 verum
1373 480 1452 525 est,
1486 473 1606 527 quod
1640 473 1860 515 Dominus
1893 475 2029 516 verba

227 570 379 599 eorum
410 554 686 597 confirmavit
714 554 999 608 sequentibus
1028 554 1176 608 signis,
1205 554 1233 596 i.
1249 568 1287 596 e.
1318 554 1551 596 miraculis.

343 641 517 687 [p.114.]
576 639 841 676 Monachus.
900 633 1070 676 Audivi
1102 635 1237 676 enim
1285 634 1553 676 monachum
1602 635 1835 684 dicentem,
1879 636 2031 678 ‘Licet

228 718 346 760 enim
379 716 607 758 monachis
638 715 703 758 uti
733 715 865 756 frenis
901 715 1133 766 deauratis,
1160 728 1215 757 eo
1249 716 1369 769 quod
1404 715 1684 757 dominorum
1717 717 2030 771 temporalium

227 798 526 852 possessiones
560 797 752 851 integras
790 795 1017 846 habemus,
1053 802 1099 838 et
1133 796 1234 838 ideo
1268 797 1373 851 quia
1405 797 1524 838 bona
1562 798 1778 839 baronum
1813 797 2030 840 habemus

229 860 452 921 deauratis
492 891 594 919 cum
633 877 740 932 ipsis
786 877 849 918 uti
892 891 1138 931 possumus,
1177 877 1223 918 in
1262 878 1387 931 equis
1427 877 1666 932 phaleratis
1716 885 1762 921 et
1800 879 1845 920 in
1884 878 2031 921 cellis.'

231 958 323 1001 Sed
359 959 462 1002 talis
504 972 595 1000 non
625 958 755 1007 dixit,
790 958 1016 1012 quomodo
1042 957 1162 999 bona
1204 957 1312 1000 talia
1342 959 1450 1000 data
1488 959 1551 1000 eis
1589 958 1766 1000 fuerunt
1804 959 1849 1000 in
1879 973 2031 1001 neces-

229 1039 391 1081 sarium
421 1053 550 1081 usum
579 1038 765 1090 illorum,
794 1038 888 1080 sine
917 1038 1078 1092 quibus
1117 1038 1263 1080 cultus
1295 1038 1382 1080 Dei
1417 1045 1463 1081 et
1492 1039 1737 1081 animarum
1769 1039 1888 1081 salus
1922 1053 2030 1094 aug-

231 1121 417 1163 mentari
447 1134 534 1163 non
559 1126 720 1175 potest,
739 1119 810 1162 vel
841 1125 890 1162 ut
917 1120 980 1161 sic
1009 1118 1178 1160 facilius
1206 1125 1530 1174 augmentetur.
1575 1120 1703 1171 Item,
1723 1119 1781 1161 ad
1807 1119 1893 1161 hoc
1923 1121 2030 1162 data

228 1201 416 1251 fuerunt,
447 1215 501 1243 eo
539 1201 660 1256 quod
704 1201 862 1242 dantes
897 1199 972 1240 illa
1006 1199 1125 1241 bona
1165 1199 1227 1240 eis
1266 1200 1487 1254 putabant
1526 1199 1624 1241 illos
1662 1200 1820 1254 quibus
1861 1200 2031 1243 dabant

229 1283 404 1324 racione
438 1282 638 1324 scienciae
674 1295 847 1336 magnae
879 1287 923 1322 et
952 1281 1160 1335 perfeetae
1189 1280 1293 1322 vitae
1326 1287 1372 1322 et
1401 1281 1626 1330 doctrinae,
1658 1280 1816 1322 melius
1850 1288 1898 1323 et
1931 1295 2030 1336 per·

229 1362 384 1405 sectius
424 1362 665 1417 disponere,
705 1370 751 1405 et
790 1361 995 1411 conferre,
1038 1368 1083 1403 et
1123 1361 1375 1415 dispensare
1414 1361 1492 1403 illa
1526 1362 1654 1412 bona,
1692 1368 1737 1403 et
1776 1363 2030 1416 expendere

230 1443 372 1497 magis
405 1442 481 1485 illa
509 1443 627 1485 bona
665 1443 710 1485 in
739 1449 1028 1497 augmentum
1058 1441 1270 1493 scienciae,
1298 1442 1524 1493 virtutum,
1554 1442 1879 1497 praedicationis
1908 1443 2030 1484 verbi

231 1523 329 1574 Dei,
360 1529 406 1565 et
444 1523 490 1565 in
523 1523 611 1565 alia
642 1537 779 1578 opera
814 1522 946 1564 saluti
975 1522 1223 1564 animarum
1252 1522 1528 1576 pertinentia,
1551 1536 1686 1576 quam
1721 1522 1799 1564 filii
1834 1524 1900 1564 sui
1930 1537 2031 1578 pro-·

230 1603 312 1658 prii
343 1610 388 1646 et
421 1604 552 1646 amici
587 1604 811 1655 carnales3
852 1610 897 1645 et
929 1604 1029 1644 ideo
1064 1602 1205 1656 magis
1236 1603 1455 1644 dederunt
1486 1602 1713 1645 monachis
1742 1609 1787 1645 et
1817 1602 2032 1658 religiosis

228 1684 421 1738 antiquis
470 1691 651 1738 propter
690 1690 940 1726 sanctorum
980 1696 1163 1737 operum
1202 1683 1608 1737 augmentationem
1649 1683 1854 1733 fiendam,
1895 1697 2030 1738 quam

229 1765 381 1807 amicis
412 1765 501 1806 suis
540 1764 788 1807 carnalibus
822 1770 1003 1818 propter
1042 1764 1267 1805 mundana
1305 1777 1439 1817 opera
1474 1765 1707 1805 nutrienda
1742 1771 1787 1806 et
1820 1764 2031 1819 multipli-

230 1846 384 1886 canda.
443 1845 535 1888 Sed
568 1845 704 1899 aliqui
735 1845 900 1895 dicunt,
922 1844 1336 1898 ‘Dispensationem
1362 1844 1590 1893 habemus,
1621 1851 1667 1886 et
1696 1844 1920 1886 licentiam
1951 1845 2031 1887 ha-

230 1925 387 1966 bemus
415 1939 443 1966 a
476 1925 687 1980 superiori
720 1926 847 1967 nobis
883 1925 926 1965 in
954 1925 1092 1975 terris,
1122 1931 1170 1965 ut
1203 1924 1263 1966 sic
1298 1932 1343 1966 et
1382 1925 1443 1966 sic
1478 1925 1722 1966 secundum
1754 1925 2029 1967 voluntatem

232 2010 427 2045 nostram
455 2004 679 2056 faciamus,
711 2013 761 2047 ut
797 2019 884 2047 non
921 2013 1149 2047 teneamur
1179 2018 1351 2046 servare
1386 2005 1583 2059 regulam
1616 2013 1813 2047 nostram
1851 2019 1931 2047 nec
1956 2006 2029 2059 jus

232 2084 489 2127 commune?
547 2085 639 2128 Sed
666 2086 886 2127 Dominus
914 2085 1032 2134 dicit,
1058 2084 1249 2126 Malach.
1271 2083 1320 2138 ij⁰
1349 2085 1553 2139 capitulo,
1577 2085 1869 2127 ‘Maledicam
1897 2085 2032 2127 bene-

232 2163 501 2206 diccionibus
528 2165 705 2216 vestris,’
728 2166 755 2207 i.
770 2180 807 2208 e.
830 2165 917 2207 hiis
946 2179 1047 2219 quae
1071 2164 1317 2219 possidetis,
1340 2171 1384 2206 et
1411 2172 1592 2220 propter
1620 2166 1806 2207 abusum
1835 2171 2030 2206 vestrum

234 2243 594 2287 malediccionem
627 2246 1007 2288 benedictionibus
1040 2245 1209 2295 vestris
1251 2246 1278 2286 i.
1300 2259 1337 2287 e.
1367 2245 1554 2288 licentiis
1594 2253 1639 2288 et
1680 2245 2030 2288 concessionibus

232 2324 401 2366 vestris.
462 2323 651 2367 Sordida
686 2327 802 2368 enim
835 2326 1165 2369 conversatione
1199 2332 1398 2367 sanctam
1434 2340 1527 2368 rem
1558 2340 1635 2367 seu
1667 2326 1923 2378 religionem
1954 2325 2030 2366 de-

233 2404 434 2459 turpatis,
466 2410 513 2446 et
540 2406 616 2458 qui
656 2406 804 2461 inique
842 2413 981 2462 agunt
1013 2406 1342 2455 benedicuntur,
1378 2406 1405 2449 i,
1420 2420 1458 2448 e.
1487 2421 1514 2448 a
1545 2406 1670 2447 malis
1705 2405 1795 2446 suis
1825 2405 2031 2446 vocaliter

235 2491 281 2526 et
315 2498 404 2525 non
435 2484 609 2526 realiter
636 2486 694 2527 ab
724 2486 903 2529 homine
938 2487 1236 2537 absolvuntur,
1271 2492 1316 2527 et
1350 2487 1408 2528 ad
1449 2487 1616 2528 malum
1649 2486 1842 2527 fiendum
1877 2499 2030 2526 secun-

234 2565 343 2606 dum
381 2563 656 2606 voluntatem
695 2580 820 2608 suam
859 2567 1154 2616 licenciantur,
1188 2566 1287 2608 ideo
1322 2567 1439 2608 dicet
1470 2567 1700 2615 Dominus,
1733 2569 1745 2587 ‘
1763 2564 2029 2606 Maledicam

234 2644 615 2686 benedictionibus
651 2645 827 2688 vestris’
866 2647 1039 2697 talibus,
1074 2648 1164 2688 sive
1202 2647 1436 2688 sentenciis
1475 2654 1520 2688 et
1559 2645 1748 2687 licenciis
1787 2644 1942 2685 vestris
1985 2651 2030 2686 et

236 2724 605 2766 concessionibus.
665 2724 779 2769 Haec
806 2733 962 2781 patent
992 2742 1071 2782 per
1101 2727 1315 2769 Sanctum
1344 2727 1617 2780 Jeronimum
1654 2723 1888 2766 Malachiae
1913 2724 1962 2778 ij⁰
1986 2725 2030 2765 in

238 2803 569 2846 Commentario
597 2818 691 2846 suo.

353 2890 402 2934 [p.
439 2889 527 2932 ιη]
585 2889 823 2927 nativitas.
884 2887 1012 2939 Item,-
1042 2894 1148 2930 tunc
1183 2887 1422 2942 imperator
1448 2886 1525 2943 (sc.
1547 2882 1796 2940 Augustus)
1824 2885 2029 2936 decrevit,
