2456 3210
653 247 784 284 LOCI
817 247 857 282 E
896 247 1062 282 LIBRO
1109 245 1453 282 VERITATUM.
1906 251 1955 293 19

148 391 378 434 nacionem
407 391 663 435 hominum.’
722 393 906 435 Talibus
935 393 1042 435 dicit
1069 393 1273 434 dominus
1302 391 1508 434 Matthaei
1534 403 1597 442 14,
1619 394 1628 411 ‘
1644 390 1822 432 Faciem
1853 388 1955 431 coeli

150 470 388 525 dijudicare
425 473 578 523 nostis,
608 474 735 527 signa
766 480 916 515 autem
948 480 1199 528 temporum
1234 486 1323 514 non
1354 472 1541 527 potestis
1564 469 1709 513 'seireff
1768 468 1955 511 Talibus

150 551 257 593 dicit
286 553 490 595 dominus
518 553 753 595 Malachiae
781 553 935 607 primo,
957 553 1023 596 ‘0
1057 554 1319 604 sacerdotes,
1343 553 1569 606 despicitis
1598 565 1760 593 nomen
1794 563 1955 601 meum,

149 637 197 673 et
225 632 389 674 offertis
418 647 548 687 super
578 633 716 675 altare
752 646 900 675 meum
936 631 1379 688 panem'pollutumf
1441 632 1516 675 Sic
1547 632 1736 674 offerunt
1772 631 1873 672 Deo
1909 635 1955 671 et

148 711 212 753 sic
248 713 495 766 despiciunt
530 714 678 755 Deum
720 719 765 755 et
806 713 900 766 ejus
940 713 1120 765 cultum,
1154 714 1228 768 qui
1270 714 1381 755 dant
1417 713 1646 775 ecclesiam
1681 718 1725 754 et
1761 710 1954 752 officium

150 805 228 833 seu
259 793 454 847 regimen
483 793 635 848 populi
665 807 784 836 caeco
814 794 914 836 duci
943 800 989 835 et
1015 795 1180 836 vicioso
1207 794 1282 848 qui
1313 794 1468 848 quaerit
1499 794 1630 835 ditari
1661 800 1706 835 et
1735 790 1952 833 honorari.

152 871 284 914 Tales
315 874 391 927 qui
420 874 483 916 sic
511 873 752 925 conferunt,
783 874 1033 928 despiciunt
1065 875 1226 924 Deum,
1256 875 1360 929 quia
1394 875 1502 916 dant
1533 874 1572 915 ei
1606 874 1682 928 qui
1713 886 1800 915 non
1831 878 1955 914 curat

151 953 208 993 de
234 951 319 994 hiis
345 967 444 1007 quae
473 954 558 995 Dei
586 960 688 995 sunt
718 960 763 996 et
790 955 847 996 de
873 954 957 996 hiis
983 968 1084 1008 quae
1110 955 1333 1009 pertinent
1359 954 1491 996 saluti
1519 954 1775 996 animarum.
1838 953 1952 994 Item

79 1052 84 1058 <
150 1033 396 1086 despiciunt
437 1033 584 1076 Deum
624 1034 727 1088 quia
764 1048 853 1075 non
888 1034 1118 1076 conferunt
1157 1034 1388 1077 ecclesiam
1428 1034 1491 1076 illi
1532 1035 1608 1088 qui
1648 1048 1728 1088 per
1761 1033 1955 1075 officium

151 1126 279 1153 suum
313 1119 473 1167 potest,
507 1114 602 1165 scit,
637 1121 682 1156 et
715 1114 811 1156 vult
846 1114 1000 1156 melius
1037 1115 1138 1156 Deo
1176 1115 1350 1169 placere
1389 1122 1434 1157 et
1475 1114 1616 1170 magis
1657 1114 1827 1156 cultum
1867 1112 1955 1154 Dei

150 1199 434 1246 augmentare
461 1199 506 1235 et
535 1195 706 1236 animas
737 1195 835 1236 Deo
864 1196 1088 1249 acquirere
1116 1188 1279 1245 verb0,'
1299 1195 1524 1250 exemplo,
1556 1201 1600 1237 et
1636 1194 1845 1246 subsidio,
1874 1194 1955 1235 sed

151 1271 213 1313 illi
254 1273 482 1315 conferunt
522 1274 753 1316 ecclesiam
788 1275 859 1316 vel
899 1275 1089 1316 officium
1130 1275 1253 1329 cujus
1284 1282 1389 1317 sunt
1423 1276 1637 1330 obsequio
1669 1274 1851 1325 deliniti,
1882 1274 1955 1315 vel

150 1365 231 1405 pro
260 1366 349 1407 quo
382 1367 567 1407 magnus
597 1355 643 1395 in
675 1355 841 1396 mundo
874 1356 1056 1409 rogavit,
1084 1355 1154 1397 vel
1185 1356 1224 1396 ei
1258 1357 1333 1410 qui
1367 1370 1547 1397 munere
1576 1355 1661 1397 hoc
1690 1355 1955 1409 impetravit,

150 1445 239 1473 non
274 1432 335 1474 illi
370 1433 537 1475 homini
570 1435 639 1476 cui
676 1435 799 1476 Deus
832 1435 1059 1477 ecclesiam
1091 1449 1167 1477 seu
1204 1436 1396 1478 officium
1432 1435 1616 1478 conferri
1651 1435 1863 1490 praecipit,
1894 1449 1953 1477 sc.

150 1512 212 1553 illi
244 1514 320 1567 qui
351 1514 443 1555 vita
475 1521 519 1556 et
554 1514 742 1556 sciencia
771 1516 899 1570 erigit
935 1516 1044 1557 alios
1079 1517 1136 1558 de
1166 1516 1283 1558 mala
1311 1516 1403 1559 vita
1432 1517 1477 1558 in
1512 1516 1691 1567 bonam,
1720 1516 1777 1557 de
1812 1530 1955 1557 errore

149 1592 193 1633 in
243 1593 488 1645 scienciam,
528 1601 573 1636 et
612 1595 687 1649 qui
729 1597 869 1650 magis
915 1597 997 1638 scit
1044 1603 1090 1638 et
1126 1595 1221 1638 vult
1260 1597 1492 1638 animabus
1531 1598 1751 1651 prodesse.
1830 1596 1955 1637 Talis

149 1678 361 1726 patronus
401 1681 446 1716 et
484 1674 585 1716 talis
625 1676 790 1730 eligens
833 1683 878 1718 et
925 1677 999 1730 qui
1047 1676 1147 1730 eligi
1195 1683 1399 1731 procurat
1444 1677 1649 1731 aliquem,
1696 1690 1829 1731 quem
1872 1691 1954 1719 nec

149 1753 391 1794 secundum
421 1755 605 1796 racionis
640 1755 855 1809 judicium
897 1770 976 1798 nec
1016 1770 1094 1810 per
1127 1770 1295 1798 sacram
1332 1757 1591 1812 scripturam
1630 1757 1821 1812 eligeret,
1852 1758 1952 1799 des-

149 1832 254 1885 picit
295 1833 455 1882 Deum‚
491 1841 537 1875 et
574 1849 662 1876 non
703 1843 827 1878 curat
867 1837 924 1877 de
964 1836 1107 1878 salute
1141 1838 1402 1887 animarum,
1432 1844 1478 1879 et
1517 1837 1595 1879 tali
1637 1838 1755 1879 dicet
1796 1838 1952 1879 Domi-

151 1925 234 1953 nus
272 1913 316 1954 in
357 1913 429 1955 die
463 1913 617 1967 judicii
661 1915 770 1958 illud
810 1917 952 1971 primo
993 1931 1175 1971 regum:
1221 1918 1393 1973 ‘Magis
1431 1919 1655 1960 honorasti
1698 1918 1811 1960 filios
1850 1925 1952 1960 tuos

150 2005 283 2045 quam
313 2006 384 2033 me
402 1993 427 2043 ;'
486 1994 557 2036 i.e.
589 1997 729 2049 magis
758 1996 898 2038 fecisti
929 2011 1009 2051 pro
1044 1997 1123 2038 tali
1159 1998 1339 2040 homine
1368 2012 1502 2053 quem
1531 1998 1763 2041 carnaliter
1793 1998 1951 2052 diligis,

150 2070 219 2112 vel
260 2073 400 2126 magis
443 2073 638 2117 dilexisti
677 2076 795 2118 dona
834 2083 879 2118 et
925 2091 1106 2119 munera
1149 2092 1228 2132 pro
1271 2079 1431 2133 quibus
1474 2079 1644 2122 confers
1687 2078 1950 2120 beneficium

149 2150 220 2191 vel
254 2152 444 2194 officium
477 2167 612 2208 quam
648 2169 730 2207 me,
763 2157 865 2210 quia
904 2157 940 2198 si
978 2171 1050 2198 me
1085 2159 1225 2213 magis
1258 2158 1496 2202 honorares
1532 2166 1579 2202 et
1617 2159 1833 2213 diligeres,
1872 2158 1949 2199 tali

151 2230 317 2272 homini
359 2233 548 2276 officium
589 2237 727 2288 dares,
762 2251 893 2292 quem
942 2239 1027 2279 scis
1069 2239 1139 2280 vel
1179 2240 1320 2282 credis
1361 2241 1502 2295 magis
1542 2241 1640 2282 Deo
1685 2240 1858 2294 placere
1904 2245 1948 2280 et

152 2311 293 2364 magis
322 2313 456 2355 verbo
490 2321 535 2356 et
569 2306 687 2358 bono
719 2319 928 2372 exemplo
965 2320 1134 2361 animas
1170 2321 1270 2362 Deo
1305 2328 1568 2371 convertere,
1608 2328 1651 2363 et
1684 2321 1759 2374 qui
1794 2320 1948 2360 melius

151 2397 309 2444 potest,
338 2392 431 2444 scit,
461 2401 505 2436 et
532 2396 627 2438 vult
651 2411 796 2452 opera,
826 2413 926 2453 quae
959 2400 1083 2442 Deus
1112 2400 1206 2442 fieri
1235 2403 1446 2457 praecipit,
1476 2402 1670 2457 implere.

268 2477 312 2520 [P-
337 2478 428 2520 326]
478 2473 527 2517 Si
561 2476 718 2531 aliquis
752 2479 957 2522 fundaret
990 2481 1223 2536 collegium
1257 2484 1315 2524 ad
1350 2491 1636 2538 augmentum
1673 2481 1870 2522 scienciae
1902 2486 1949 2522 et

152 2551 364 2592 doctrinae
402 2553 472 2594 vel
506 2555 741 2611 religiosos,
777 2566 828 2602 ut
863 2567 1015 2603 sancte
1050 2563 1198 2604 vivant
1238 2571 1283 2605 et
1322 2571 1474 2606 sancte
1514 2565 1714 2610 doceant,
1742 2560 1947 2602 fundaret

154 2644 230 2671 eos
265 2632 451 2685 propriis
478 2635 567 2676 suis
595 2637 722 2679 bonis
752 2646 797 2682 et
827 2654 902 2682 eos
933 2642 1163 2685 exhiberet
1198 2645 1291 2687 sine
1324 2645 1576 2699 gravamine
1607 2649 1651 2684 et
1681 2641 1946 2683 detrimento

153 2711 408 2761 animarum,
437 2719 482 2754 et
512 2715 611 2757 ideo
642 2731 731 2760 non
765 2721 827 2762 sic
862 2724 1195 2777 appropriarent
1229 2726 1433 2767 ecclesias
1464 2722 1735 2779 parochiales
1766 2721 1945 2775 quando

153 2797 295 2833 rector
329 2791 422 2846 ejus
456 2807 531 2835 seu
569 2805 743 2840 curatus
775 2809 980 2854 gravetur
1010 2804 1054 2844 in
1090 2806 1279 2858 penuria,
1315 2806 1384 2848 vel
1420 2811 1468 2846 ut
1502 2808 1704 2858 gravetur
1738 2801 1945 2856 parochia

1006 2881 1039 2912 D
1062 2884 1085 2912 2
