2456 3210
454 257 534 299 186
950 264 1083 300 LOCI
1117 265 1157 300 E
1195 265 1361 301 LIBRO
1408 264 1752 303 VERJTATUM.

453 421 680 461 nunquam
709 407 825 449 enim
858 407 1029 462 legitur,
1052 421 1143 460 nec,
1169 415 1218 451 ut
1248 407 1512 463 investigare
1539 408 1677 462 potui,
1699 407 1922 462 reperitur,
1950 408 2071 463 quod
2101 407 2260 463 aliquis

452 501 533 529 rex
568 487 750 542 Angliae
789 488 946 531 habuit
987 489 1245 544 episcopum
1286 489 1330 530 in
1371 503 1499 530 suum
1540 488 1846 539 confessorem,
1883 502 1964 531 nec
2003 489 2260 544 episcopum

452 567 497 610 in
528 569 663 610 domo
694 583 774 610 sua
806 569 1139 611 ebdomadatim
1168 575 1434 621 manentem,
1464 575 1655 623 excepto
1689 569 1885 611 Henrico
1914 568 2072 611 Sexto.
2135 569 2261 611 Hen-

452 649 565 690 ricus
597 649 714 690 enim
743 649 948 704 Quartus,
974 650 1154 704 quando
1185 649 1406 692 confessor
1434 663 1538 691 suus
1568 649 1709 691 factus
1738 649 1822 691 fuit
1852 649 2095 704 episcopus,
2115 649 2261 705 ipsum

452 742 570 771 curae
596 743 688 770 suae
718 735 764 771 et
793 729 1065 785 episcopatui
1094 731 1155 772 ire
1184 731 1405 784 praecepit.
1458 730 1687 772 Henricusv
1705 730 1823 772 enirn
1845 730 2049 785 Quintus,
2069 731 2262 785 prudens

453 822 537 851 rex
569 809 710 861 valde,
746 816 791 853 et
826 811 971 865 regnis
1010 811 1207 866 pluribus
1243 811 1461 862 terribilis,
1491 824 1641 853 secum
1673 810 1830 852 habuit
1863 825 2003 852 unum
2038 817 2262 854 maturum

453 890 682 932 doctorem
721 891 766 932 in
801 905 926 933 sacra
963 891 1201 946 theologia,
1239 892 1302 934 M.
1337 891 1560 934 Thomam
1594 891 1797 942 Walden‚
1836 892 1880 933 in
1921 906 2051 933 suum
2094 892 2264 934 confes-

454 984 611 1022 sorem,
634 972 708 1025 qui
740 971 861 1013 nulla
890 986 994 1015 cura
1023 973 1271 1014 animarum
1298 978 1505 1015 oneratus
1536 978 1660 1023 erat3
1697 978 1742 1014 et
1773 972 1835 1014 sic
1865 986 1990 1026 reges
2020 978 2066 1014 et
2096 972 2263 1014 domini

454 1051 680 1105 quondam
717 1051 920 1094 solebant
955 1067 1058 1095 suos
1093 1052 1346 1108 capellanos
1386 1053 1584 1104 retinere,
1615 1052 1690 1107 qui
1726 1052 1848 1093 omni
1884 1066 1986 1094 cura
2017 1052 2264 1094 animarum

454 1132 587 1173 soluti
624 1138 759 1183 erant,
795 1139 956 1187 praeter
990 1147 1140 1175 curam
1176 1148 1329 1176 eorum
1364 1133 1655 1185 dominorum,
1686 1146 1787 1174 cum
1819 1133 1978 1187 quibus
2013 1133 2264 1188 degebant3

456 1220 502 1255 et
541 1213 603 1255 sic
636 1212 827 1255 Sanctus
866 1214 1117 1267 Jeronimus
1157 1215 1352 1257 ostendit
1392 1214 1511 1269 quod
1551 1214 1746 1255 facerent
1785 1227 1910 1268 reges
1950 1220 1996 1256 et
2035 1218 2266 1268 magnates

457 1293 669 1345 moderni,
702 1293 824 1344 ‘Ne,’
857 1294 1010 1349 inquit,
1045 1295 1292 1338 ‘ministros
1332 1295 1414 1337 Xti
1454 1301 1626 1336 nostros
1663 1294 1872 1336 faciamus
1908 1294 2143 1344 ministros,
2186 1307 2267 1336 nec

457 1387 538 1427 pro
569 1375 816 1416 carnalibus
852 1375 1083 1430 refrigeriis
1115 1376 1272 1418 altaria
1289 1375 1471 1418 Domini
1502 1372 1775 1429 polluamuS.’
1836 1374 1950 1416 Haec
1982 1374 2172 1417 Sanctus
2192 1374 2268 1428 Je-

457 1454 652 1496 ronimus
702 1455 814 1496 libro
860 1460 931 1511 13⁰
975 1470 1106 1511 super
1154 1456 1435 1499 Ezechielem
1476 1455 1755 1511 prophetam,
1800 1468 1931 1508 super
1975 1454 2168 1508 capitulo
2209 1465 2268 1505 44

460 1541 613 1576 textus
643 1535 883 1589 prophetae.
947 1537 1118 1579 Levitae
1155 1538 1272 1579 enim
1303 1538 1494 1592 separati
1525 1542 1649 1578 erant
1680 1536 1724 1577 in
1755 1534 2044 1577 ministerium
2075 1535 2266 1588 speciale

460 1614 559 1666 Dei,
592 1614 652 1656 sic
688 1616 825 1658 curati
857 1617 1048 1671 separati
1079 1625 1226 1660 essent
1256 1618 1301 1659 in
1337 1631 1487 1660 curam
1521 1617 1777 1667 animarum,
1806 1622 1851 1658 et
1882 1621 1931 1657 ut
1960 1614 2193 1669 vigilarent
2222 1615 2267 1657 in

461 1701 590 1737 nocte
625 1710 757 1750 super
789 1710 969 1751 gregem
1007 1712 1147 1748 suum,
1179 1713 1245 1749 ne,
1280 1712 1340 1740 sc.
1378 1712 1471 1740 nox
1505 1697 1804 1740 tribulacionis
1843 1709 1924 1738 nec
1957 1695 2270 1750 temptacionis

460 1776 583 1829 gregi
624 1783 812 1828 noceret,
854 1784 903 1819 ut
950 1778 994 1819 in
1046 1778 1164 1820 malo
1215 1779 1423 1821 deficeret
1463 1778 1532 1820 vel
1584 1785 1632 1820 ut
1682 1778 1848 1819 bonum
1883 1784 2031 1819 actum
2083 1783 2130 1819 et
2170 1776 2269 1818 Deo

460 1856 661 1898 debitum
692 1858 926 1909 omitteret,
963 1873 1040 1900 seu
1072 1860 1308 1902 desereret.
1371 1860 1499 1909 Item,
1538 1859 1655 1900 Xtus
1686 1857 1812 1912 quasi
1847 1871 2021 1911 semper
2050 1857 2133 1899 suit
2168 1871 2269 1899 cum

461 1936 687 1989 discipulis
726 1938 815 1978 suis
846 1952 982 1993 usque
1017 1941 1074 1981 ad
1112 1940 1363 1994 passionem
1403 1945 1505 1994 post
1535 1938 1802 1981 eleccionem
1835 1938 2075 1979 eorundem
2106 1938 2151 1978 in
2181 1937 2270 1979 dis-

463 2016 644 2071 cipuIOS.

581 2103 630 2148 [p.
662 2103 756 2147 455]
815 2097 1055 2152 Quomodo
1091 2100 1236 2142 nullus
1278 2100 1538 2155 praedicaret
1577 2099 1621 2140 in
1661 2098 1850 2153 publico,
1889 2098 1971 2139 nisi
2013 2097 2183 2152 praelati
2225 2103 2272 2140 et

465 2178 604 2220 curati
636 2178 681 2220 et
711 2178 929 2220 licenciati
955 2193 1033 2233 per
1059 2194 1196 2222 unum
1227 2181 1440 2223 istorum?
1499 2180 1622 2221 Nota
1648 2178 1762 2220 bene
1792 2179 1836 2219 in
1867 2178 1977 2220 libro
2008 2191 2172 2233 magno
2200 2178 2271 2219 De

464 2259 636 2300 actibus
678 2259 722 2299 in
761 2258 956 2300 Consilio
1002 2260 1163 2303 Pisano
1210 2268 1255 2303 et
1297 2259 1639 2310 Constansiensi,
1680 2264 1724 2300 et
1762 2259 1832 2300 De
1874 2259 2045 2301 actibus
2087 2257 2271 2300 Consilii

467 2339 730 2390 Basiliensis,
752 2346 797 2381 et
821 2345 927 2381 nota
953 2339 1048 2382 haec
1077 2341 1135 2382 ibi
1167 2341 1211 2383 in
1237 2342 1348 2383 libro
1375 2340 1451 2382 illo
1479 2340 1524 2381 in
1545 2339 1729 2392 collegio
1752 2339 2042 2381 Dunelmensi
2064 2338 2272 2388 Oxoniae‚

467 2420 511 2460 in
547 2420 724 2474 egregio
758 2425 860 2462 actu
900 2419 1018 2462 sacto
1056 2435 1135 2475 per
1171 2422 1431 2475 magistrum
1467 2419 1708 2461 Henricum
1747 2419 1984 2471 Caldifren,
2019 2419 2076 2461 de
2118 2419 2273 2461 ordine

466 2501 821 2554 praedicatorum,
862 2506 1015 2542 contra
1039 2500 1284 2544 Wulricum
1315 2501 1576 2548 Bohemum‚
1619 2500 1663 2540 in
1699 2500 1881 2542 consilio
1921 2498 2179 2550 Basiliensi3
2226 2504 2273 2541 et

469 2586 576 2622 nota
606 2580 666 2622 ibi
697 2581 741 2621 in
776 2579 853 2622 illo
890 2579 1002 2621 libro
1032 2581 1222 2635 plurima
1256 2595 1335 2636 per
1370 2580 1628 2635 magistrum
1658 2580 1910 2633 Johannem
1946 2579 2182 2634 Polymare
2216 2579 2273 2621 de

469 2660 667 2702 dominio
709 2660 823 2703 civili
863 2666 1016 2702 contra
1057 2660 1235 2702 Petrum
1278 2661 1415 2715 Payn,
1456 2659 1564 2701 alias
1606 2659 1749 2710 Clerk‚
1796 2659 2054 2714 magistrum
2086 2658 2316 2701 Arcium*

471 2740 676 2793 Oxoniae,
707 2747 752 2783 et
781 2741 919 2783 filium
952 2741 1251 2795 Francigenae,
1279 2748 1433 2783 natum
1464 2740 1508 2781 in
1538 2740 1642 2781 villa
1675 2740 1840 2795 Hoogh
1867 2740 1999 2795 juxta
2020 2738 2273 2789 Graantam‚

471 2820 515 2860 in
545 2820 724 2878 Anglia‚
755 2823 830 2876 qui
859 2821 999 2864 multa
1030 2821 1146 2863 mala
1175 2821 1292 2863 dixit
1320 2827 1366 2863 et
1395 2820 1497 2863 fecit
1529 2821 1573 2862 in
1602 2820 1874 2872 Bohemmia,
1902 2827 1948 2862 et
1977 2820 2021 2861 in
2059 2819 2199 2872 Praga
2229 2818 2272 2859 in
