2456 3210
484 229 538 283 96
984 231 1115 268 LOCI
1149 231 1187 266 E
1226 230 1390 265 LIBRO
1438 229 1782 265 VERJTATUM.

485 375 677 429 necligis.
740 374 780 417 O
807 388 939 428 quam
968 388 1035 416 vae
1065 374 1168 416 tibi!
1214 373 1287 427 qui
1316 378 1410 414 tarn
1439 376 1608 414 ‘caecus
1639 372 1734 413 dux
1767 385 1813 413 es
1844 369 2087 422 caecorum,'
2114 379 2162 415 ut
2191 373 2285 414 Do·-

486 456 631 496 minus
672 455 778 497 dicit
818 456 874 496 de
915 454 1140 503 Phariseis,
1184 452 1354 495 Mathei
1394 456 1466 506 15⁰
1502 457 1584 502 ca0,
1619 452 1701 513 Vae
1742 449 1841 493 tali!
1885 452 1988 506 quia
2027 452 2178 494 similis
2219 458 2286 494 est

485 536 562 585 illi,
594 536 649 577 de
682 550 769 590 quo
804 542 992 578 testatur
1025 533 1221 576 Holcot1
1252 534 1296 575 in
1327 547 1540 584 sermone,
1571 533 1658 587 qui,
1699 539 1801 586 post
1833 539 2018 575 mortem
2052 546 2178 574 suam
2208 546 2286 587 ap-

485 629 653 670 parens,
690 616 830 658 dixit:
873 616 1176 670 ‘Dampnatus
1213 628 1321 663 sum,
1357 614 1460 667 quia
1495 614 1552 655 de
1585 613 1813 655 voluntate
1849 627 1948 655 mea
1983 613 2206 668 implenda
2241 613 2286 654 in

486 703 605 738 certo
641 703 740 738 actu
779 710 951 738 mecum
988 696 1070 737 fuit
1106 695 1420 749 dispensatum,
1453 692 1531 735 sed
1563 693 1686 734 Deus
1716 707 1809 735 non
1840 692 1996 735 habuit
2026 699 2182 744 ratum,
2212 693 2286 747 qui

486 777 603 817 enim
625 776 668 817 in
692 776 932 831 Evangelio
951 775 1076 827 dixit,
1098 778 1118 796 “
1133 775 1442 830 Quodcunque
1462 773 1639 826 solveris
1660 787 1790 828 super
1809 779 1970 815 terram
1993 773 2072 815 erit
2093 773 2286 815 solutum

487 862 532 897 et
564 857 608 897 in
642 856 799 908 coelis,”
829 870 916 898 non
946 857 1062 898 dixit
1091 856 1272 905 homini,
1306 854 1614 909 Quodcunque
1647 852 1836 895 volueris
1873 854 1918 895 in
1954 859 2070 896 terra
2100 853 2286 895 volitum

487 937 567 978 erit
601 937 644 977 in
674 937 823 979 coelis.'
884 938 1007 979 Deus
1041 951 1126 978 non
1159 936 1220 978 sic
1252 936 1379 987 dixit,
1410 948 1490 976 nec
1525 935 1586 976 sic
1619 934 1804 988 intelligi
1838 934 1988 986 voluit,
2020 940 2069 976 ut
2099 939 2287 976 testatur

489 1017 704 1059 Ricardus
751 1018 807 1059 de
848 1017 1014 1060 Sancto
1053 1018 1234 1059 Victore
1277 1017 1321 1058 in
1366 1015 1477 1057 libro
1523 1029 1603 1056 suo
1643 1015 1715 1057 De
1757 1020 1981 1069 potestate
2020 1014 2287 1056 absolvendi.

490 1097 731 1140 Hominem
768 1099 883 1140 enim
919 1098 1085 1152 aliquid
1122 1097 1268 1152 ligare,
1303 1096 1605 1151 praesupponit
1646 1095 1754 1137 illud
1790 1095 1846 1137 ab
1882 1095 2061 1137 homine
2096 1094 2285 1149 ligabile,

487 1184 531 1219 et
565 1178 724 1220 divinae
758 1179 974 1220 voluntati
1005 1178 1286 1233 acceptabile,
1317 1177 1445 1219 aliter
1475 1177 1591 1217 enim
1622 1177 1738 1218 dicet
1769 1176 1999 1227 Dominus,
2030 1176 2142 1218 sicut
2172 1175 2287 1216 dixit

489 1257 706 1300 Dominus
739 1260 880 1310 Petro,
905 1259 1075 1302 Mathei
1111 1258 1192 1307 16⁰,
1215 1258 1365 1300 ‘Vade
1394 1264 1495 1312 post
1531 1270 1613 1308 me,
1637 1255 1827 1307 Satana‚'
1855 1257 1882 1297 i.
1899 1271 1934 1298 e.
1967 1255 2008 1298 O
2039 1256 2287 1298 adversarie

487 1339 703 1381 voluntati
744 1354 867 1392 meae,
899 1354 1080 1394 sequere
1119 1339 1392 1381 voluntatem
1433 1351 1590 1385 meam,
1625 1337 1692 1379 cui
1733 1336 2017 1378 contradicis!
2070 1336 2287 1378 Dominus

489 1419 618 1468 enim,
657 1420 825 1462 Mathei
867 1420 949 1472 16⁰,
979 1427 1081 1474 post
1116 1420 1189 1462 illa
1221 1420 1355 1461 verba
1391 1420 1510 1461 dicta
1547 1418 1685 1467 Petro,
1719 1417 2051 1472 ‘Quodcunque
2085 1417 2287 1471 ligaveris

489 1497 589 1540 etc.'
611 1501 803 1543 ostendit
826 1500 991 1542 Sancto
1013 1501 1143 1542 Petro
1172 1500 1316 1554 ipsum
1338 1500 1479 1541 Xtum
1499 1498 1612 1540 velle
1639 1498 1748 1540 mori
1774 1511 1855 1552 pro
1885 1497 2026 1539 salute
2045 1496 2286 1539 hominum.

492 1579 553 1621 Et
584 1579 735 1622 Petrus
756 1581 871 1623 dixit
900 1582 1005 1632 Xto,
1032 1581 1191 1622 ‘Absit
1221 1595 1247 1622 a
1280 1587 1337 1632 te,
1360 1579 1571 1622 Domine!
1604 1593 1691 1621 non
1722 1579 1803 1620 erit
1833 1579 1913 1621 tibi
1944 1576 2074 1630 hoc3’
2110 1584 2155 1620 et
2184 1578 2287 1632 quia

489 1660 759 1702 contradixit
781 1661 873 1702 Xto
894 1662 994 1703 ideo
1016 1662 1234 1703 Dominus
1256 1660 1524 1703 contradixit
1553 1660 1694 1711 Petro,
1715 1660 1877 1710 dicens,
1899 1658 2047 1700 ‘Vade
2073 1664 2175 1712 post
2203 1672 2286 1709 me,

492 1739 682 1790 satana:
708 1741 734 1781 i.
750 1754 785 1782 e,
814 1755 997 1795 sequere
1022 1741 1297 1783 voluntatem
1328 1755 1484 1792 meam,
1512 1739 1790 1782 ‘scandalum
1822 1738 1951 1781 michi
1982 1753 2039 1789 es,
2066 1738 2168 1792 quia
2197 1750 2286 1779 non

490 1820 608 1874 sapis
649 1834 700 1862 ea
736 1834 835 1874 quae
872 1821 957 1862 Dei
998 1828 1111 1871 sunt,
1149 1823 1225 1863 sed
1268 1836 1319 1863 ea
1362 1836 1461 1875 quae
1497 1827 1599 1862 sunt
1633 1817 1887 1862 hominum.’
1950 1819 2062 1861 Haec
2099 1818 2286 1861 Sanctus

489 1900 739 1954 Jeronimus
760 1914 890 1955 super
910 1901 1141 1943 Matheum
1170 1902 1213 1943 in
1237 1901 1569 1944 Commentario
1590 1915 1682 1952 suo,
1712 1907 1756 1942 et
1785 1899 1976 1942 Sanctus
2004 1900 2126 1941 Beda
2156 1913 2287 1955 super

492 1981 708 2023 Marcum.
782 1981 914 2022 Dicat
950 1995 1053 2036 ergo
1096 1982 1354 2036 dispensans
1391 1988 1435 2023 et
1476 1981 1700 2023 licenciam
1740 1979 1979 2034 recipiens:
2021 1979 2285 2035 ‘Quomodo

490 2061 569 2103 fiet
604 2061 732 2113 istud,
765 2061 790 2103 i.
808 2075 846 2103 e.
883 2061 1071 2116 qualiter
1105 2062 1181 2103 fiet
1216 2063 1333 2104 istud
1371 2068 1417 2104 et
1452 2061 1638 2117 qualiter
1667 2065 1766 2102 utar
1796 2059 1880 2102 ista
1912 2059 2093 2102 licencia
2122 2060 2167 2101 in
2198 2060 2284 2102 Dei

490 2141 669 2184 laudem
700 2141 818 2183 etin
848 2142 1090 2182 animarum
1122 2141 1353 2184 salutem?'

608 2221 649 2264 O
681 2222 874 2264 Domine
910 2221 1058 2264 Deus!
1101 2223 1303 2272 concede,
1336 2228 1384 2263 ut
1415 2221 1619 2263 dominus
1646 2233 1772 2275 papa,
1801 2226 1845 2262 et
1884 2219 1957 2261 alii
1987 2219 2284 2274 praesidentes,

492 2303 612 2357 leges
665 2307 910 2344 statuentes
959 2307 1004 2342 et
1054 2302 1241 2352 decreta,
1284 2310 1329 2344 et
1378 2314 1479 2344 cum
1529 2300 1628 2354 lege
1676 2300 1994 2354 dispensantes,
2039 2306 2084 2342 et
2131 2306 2283 2342 contra

489 2389 667 2424 sanctos
705 2388 828 2424 actus
867 2381 1152 2431 licentiantes,
1187 2388 1235 2424 ut
1280 2395 1367 2423 non
1407 2381 1526 2431 fiant,
1565 2379 1635 2421 vel
1676 2385 1725 2420 ut
1760 2386 1884 2422 actus
1923 2380 2124 2422 contrarii
2163 2379 2283 2431 fiant,

491 2476 665 2517 semper
704 2463 852 2504 dicant
893 2462 1104 2503 veraciter
1149 2475 1247 2503 cum
1289 2462 1384 2503 Xto
1423 2460 1467 2502 in
1509 2459 1777 2513 Evangelio:
1828 2460 1959 2502 ‘Non
2001 2461 2100 2501 veni
2140 2460 2283 2502 facere

491 2543 763 2585 voluntatem
799 2555 954 2590 meam,
988 2542 1066 2583 sed
1100 2541 1373 2584 voluntatem
1409 2540 1502 2594 ejus
1537 2540 1611 2593 qui
1648 2540 1766 2581 misit
1799 2538 1892 2591 me,’
1927 2553 1985 2583 sc.
2017 2539 2102 2581 Dei
2134 2540 2282 2594 patris.

493 2622 711 2674 Concede,
744 2623 936 2665 Domine
971 2620 1104 2674 Jesul
1146 2628 1194 2663 ut
1225 2622 1429 2664 dominus
1458 2633 1575 2675 papa
1605 2622 1868 2674 respondeat
1901 2620 2017 2662 mala
2050 2627 2095 2662 et
2130 2626 2281 2662 contra

492 2703 679 2745 salutem
712 2704 870 2747 animae
899 2715 990 2744 suae
1021 2707 1066 2743 et
1101 2707 1253 2743 contra
1287 2700 1475 2743 salutem
1508 2699 1692 2742 aliorum
1727 2701 1990 2755 petentibus,
2021 2700 2132 2743 sicut
2163 2699 2282 2742 Xtus

860 2792 871 2811 ¹
894 2790 1060 2832 Probably
1075 2791 1166 2823 Elias
1182 2791 1319 2831 Holcot,
1336 2791 1480 2823 Warden
1497 2789 1535 2822 os
1547 2790 1688 2831 Merton,
1710 2790 1912 2833 1438-1455.
