2456 3210
381 193 437 238 52
882 193 1014 231 LOCI
1047 195 1086 231 E
1126 195 1290 232 LJBRO
1337 196 1539 232 VERJTA
1550 196 1685 234 TUM.

382 335 598 391 episcopis
639 336 684 378 in
724 337 854 379 curiis
893 351 1059 389 eorum,
1102 346 1147 381 et
1187 340 1231 380 in
1274 341 1404 382 curiis
1447 341 1727 383 dominorum
1769 354 1845 382 seu
1878 331 2186 397 patronorum,

382 417 496 460 sicut
535 416 766 471 episcopus
808 418 1045 471 modernus
1085 419 1376 461 Eboracensis
1416 420 1667 462 Willelmus
1708 410 1958 477 Buths'qui
2001 433 2082 462 nec
2121 426 2194 462 est

383 498 526 539 bonus
559 497 885 552 grammaticus,
918 511 999 540 nec
1034 498 1305 551 scientificus,
1338 513 1418 542 nec
1452 501 1672 542 virtuosus
1707 483 1947 554 reputatus,
1981 514 2061 542 nec
2091 514 2191 554 gra-

382 579 555 630 duatus,
585 579 663 620 sed
694 577 849 632 legista
874 578 983 632 juris
1015 580 1168 644 regni72‘
1180 581 1253 633 qui
1285 580 1452 622 confert
1481 581 1694 623 beneficia
1724 587 1768 623 et
1799 581 2059 636 praebendas
2089 595 2191 636 pes-

384 659 495 700 sime
530 659 675 713 pueris
709 665 756 700 et
787 658 1034 713 juvenibus,
1072 645 1146 714 qu‘i
1182 675 1270 702 non
1307 661 1391 704 fuit
1427 662 1592 704 electus
1628 663 1673 719 in
1711 663 1965 717 episcopum
2002 661 2190 704 Eboraci

385 754 465 794 per
485 739 727 794 capitulum
749 740 943 782 ecclesiae
965 741 1228 783 cathedralis
1250 742 1553 793 Eboracensis,
1571 744 1650 784 sed
1671 743 1852 785 licencia
1873 745 1986 798 regis
2009 742 2191 784 Henrici

386 820 517 864 Sexti
559 821 723 875 recepit
762 821 1055 875 provisionem
1098 822 1302 864 Nicholai
1339 824 1496 877 quinti.
1560 823 1683 878 Papa
1721 824 1839 865 enim
1877 824 2106 865 Romanus
2146 823 2191 863 in

383 903 540 944 diebus
567 902 662 944 istis
691 908 836 944 cassat
860 917 1014 945 omnes
1039 903 1280 946 elecciones
1302 905 1568 959 dignitatum
1592 903 1860 959 eligibilium,
1883 910 1928 946 et
1953 904 2049 945 illas
2079 903 2198 946 elec«.

385 984 532 1025 ciones
571 989 765 1025 reservat
803 984 887 1025 sibi
931 984 1025 1038 ipsi,
1067 990 1113 1026 et
1158 985 1247 1026 suis
1294 985 1600 1036 cardinalibus,
1641 992 1686 1027 et
1731 999 1854 1027 suam
1895 985 2191 1040 provisionem

383 1071 513 1107 vocat
544 1065 807 1107 eleccionem
843 1078 994 1115 suam3
1035 1066 1099 1107 sic
1130 1066 1250 1119 quod
1282 1066 1368 1108 tria
1399 1066 1484 1108 ista
1517 1066 1684 1108 faciunt
1712 1066 1937 1108 hominem
1964 1065 2058 1120 jam
2095 1079 2193 1107 esse

385 1146 639 1200 episcopum
668 1146 712 1186 in
746 1145 1175 1200 Anglia—voluntas
1206 1146 1322 1201 regis
1349 1146 1541 1201 Angliae,
1568 1146 1774 1189 voluntas
1804 1161 1932 1201 papae
1963 1146 2034 1188 vel
2061 1146 2192 1188 curiae

387 1226 616 1278 Romanae,
638 1232 682 1268 et
710 1227 907 1280 pecuniae
938 1226 983 1267 in
1010 1227 1322 1291 habundancia
1349 1228 1507 1270 solutae
1527 1229 1656 1270 curiae
1687 1228 1915 1280 Romanae,
1937 1241 1996 1270 sc.
2019 1227 2193 1270 diversa

384 1306 506 1348 milia
544 1307 752 1348 librarum
792 1306 1058 1361 Anglicanae
1098 1314 1289 1349 monetae
1328 1308 1485 1350 solutae
1523 1308 1595 1351 hic
1636 1309 1680 1349 in
1715 1308 1883 1362 Anglia
1923 1308 2190 1350 Lumbardis

383 1401 464 1442 pro
502 1387 687 1437 cambio,
725 1389 846 1442 quod
881 1389 1154 1442 depauperat
1189 1403 1385 1443 regnum.
1446 1390 1499 1431 In
1534 1389 1718 1431 concilio
1753 1389 1947 1443 generali
1984 1389 2120 1438 Deus,
2153 1388 2191 1430 si

384 1468 467 1509 sibi
493 1468 778 1522 placeatsdet
804 1469 1061 1517 remedium,
1082 1469 1152 1511 vel
1180 1483 1259 1524 per
1285 1469 1635 1524 appellacionem
1665 1469 1777 1523 regis
1807 1474 1852 1510 et
1876 1468 1997 1522 regni
2020 1482 2046 1509 a
2073 1482 2193 1522 papa

385 1549 442 1590 ad
483 1549 715 1590 concilium
755 1549 971 1604 generale.
1045 1549 1292 1591 Concilium
1333 1550 1451 1591 enim
1492 1549 1742 1600 Basiliense,
1779 1549 1898 1603 quod
1934 1549 2016 1591 fuit
2050 1554 2193 1590 trans-

385 1628 525 1670 latum
570 1630 792 1680 Ferrariae,
834 1637 880 1673 et
928 1636 1085 1684 postea
1130 1631 1187 1671 ad
1233 1629 1525 1680 Florenciam,
1564 1630 1719 1671 statuit
1769 1635 1814 1670 et
1859 1628 2078 1670 ordinavit
2122 1642 2192 1670 re-

387 1710 582 1750 medium
620 1715 774 1751 contra
809 1710 895 1752 ista
934 1717 1111 1761 annam,
1141 1724 1242 1764 quae
1282 1710 1463 1764 Anglici
1497 1715 1658 1751 vocant
1692 1709 1859 1763 primos
1892 1708 2058 1750 fructus
2099 1709 2193 1763 epi*

385 1795 658 1844 scopatuum‚
690 1791 768 1833 sed
808 1790 915 1833 illud
954 1791 1199 1832 remedium
1234 1804 1324 1832 non
1359 1790 1553 1832 vidimus
1593 1795 1883 1840 exsecutum3
1924 1802 1982 1830 an
2018 1789 2077 1830 sit
2110 1802 2192 1830 ex-

362 1875 586 1912 a--secutum
613 1870 658 1911 in
687 1870 872 1913 Francia
900 1871 1060 1913 nescio.
1122 1871 1188 1913 ‘O
1212 1871 1347 1922 Deus,
1373 1870 1540 1925 respice
1567 1870 1623 1911 de
1650 1868 1765 1911 coelo
1792 1874 1836 1910 et
1861 1869 1963 1910 vide
1990 1875 2035 1910 et
2060 1869 2192 1911 visita

385 1951 559 1992 vineam
595 1950 789 1993 ecclesiae
824 1951 936 2003 tuae,’
969 1952 1058 1994 Ps0.
1087 1956 1189 2006 79⁰3
1231 1950 1464 2005 singularis
1496 1950 1610 1991 ferus
1641 1948 1903 1990 insaciabilis
1937 1949 2190 2003 cupiditatis

386 2031 598 2085 depastus
633 2037 701 2073 est
736 2045 847 2082 eam,
884 2038 930 2074 et
963 2032 1154 2074 vastavit
1189 2045 1301 2081 eam,
1338 2044 1367 2072 a
1400 2030 1598 2084 pluribus
1633 2029 1759 2070 bonis
1795 2036 1840 2071 et
1873 2029 2108 2071 virtutibus
2143 2035 2190 2072 et

386 2111 514 2153 donis
544 2112 643 2163 tuis,
674 2112 891 2154 Domine!

501 2198 551 2242 [p.
571 2198 668 2243 439]
728 2193 846 2234 Novi
882 2192 999 2234 enim
1030 2193 1234 2234 doctores
1270 2191 1315 2232 in
1344 2189 1568 2244 theologia
1599 2188 1674 2243 qui
1703 2188 1878 2231 fuerunt
1911 2190 2071 2231 maturi
2109 2189 2188 2230 viri

385 2272 430 2313 in
459 2278 594 2314 aetate
632 2278 678 2314 et
712 2271 960 2316 cancellarii
992 2269 1197 2322 Oxoniae,
1231 2277 1276 2313 et
1312 2282 1538 2324 nunquam
1573 2269 1618 2310 in
1651 2269 1744 2310 vita
1779 2282 1929 2310 eorum
1961 2283 2042 2311 nec
2074 2270 2188 2323 epis-

383 2359 592 2406 copatum
624 2365 706 2394 nec
740 2352 1025 2406 praebendam
1060 2352 1324 2402 obtulerunt,
1361 2355 1557 2417 excepto,
1581 2363 1670 2390 uno
1706 2349 1924 2403 episcopo,
1954 2349 2030 2403 qui
2063 2348 2189 2391 dedit

384 2432 458 2472 uni
498 2445 649 2474 eorum
689 2432 975 2487 praebendam
1016 2438 1119 2474 octo
1153 2443 1407 2473 marcarum.
1481 2429 1597 2470 Item
1632 2429 1732 2470 novi
1766 2429 1885 2482 quod
1924 2435 2029 2470 tunc
2063 2428 2187 2482 pueri

382 2510 559 2554 suerunt
583 2513 732 2567 magni
753 2511 1046 2554 archidiaconi
1073 2519 1117 2554 et
1142 2512 1280 2554 eciam
1301 2509 1491 2564 promoti
1516 2509 1573 2550 ad
1600 2522 1783 2563 magnas
1803 2509 2092 2563 praebendas;
2123 2508 2186 2550 ita

383 2593 503 2644 quod
539 2593 639 2634 novi
671 2593 790 2646 quod
822 2605 935 2633 unus
965 2605 1074 2646 puer
1109 2598 1154 2633 et
1182 2591 1343 2633 stultus
1372 2589 1528 2632 habuit
1557 2589 1961 2631 archidiaconatum
1993 2587 2185 2630 Oxoniae

384 2676 428 2711 et
458 2671 520 2712 xii
551 2673 813 2726 praebendas
841 2672 980 2714 eciam
1010 2685 1110 2713 cum
1140 2671 1239 2713 hoc.
1302 2669 1432 2711 Heu!
1469 2669 1581 2711 heu!
1622 2669 1732 2711 heu!
1778 2669 1973 2711 Domine
2002 2667 2152 2710 Deus!

496 2757 545 2800 [p.
576 2757 669 2802 465·]
728 2756 972 2803 Exposieio
1001 2756 1246 2801 Scripturae
1278 2756 1439 2792 Saerae.
1505 2750 1626 2792 Nota
1656 2749 1752 2792 haec
1786 2763 1866 2805 pro
1897 2747 2178 2791 revelacioni-
