<?xml version="1.0" encoding="UTF-8"?>
<!DOCTYPE html PUBLIC "-//W3C//DTD XHTML 1.0 Transitional//EN"
    "http://www.w3.org/TR/xhtml1/DTD/xhtml1-transitional.dtd">
<html xmlns="http://www.w3.org/1999/xhtml" xml:lang="en" lang="en">
 <head>
  <title>
</title>
<meta http-equiv="Content-Type" content="text/html;charset=utf-8" />
  <meta name='ocr-system' content='tesseract 3.04.00' />
  <meta name='ocr-capabilities' content='ocr_page ocr_carea ocr_par ocr_line ocrx_word'/>
</head>
<body>
  <div class='ocr_page' id='page_1' title='image "./locielibroverita00gascuoft_0322.png"; bbox 0 0 2456 3210; ppageno 0'>
   <div class='ocr_carea' id='block_1_1' title="bbox 432 257 1733 296">
    <p class='ocr_par' dir='ltr' id='par_1_1' title="bbox 432 257 1733 296">
     <span class='ocr_line' id='line_1_1' title="bbox 432 257 1733 296; baseline 0 -1"><span class='ocrx_word' id='word_1_1' title='bbox 432 263 516 295; x_wconf 82' lang='lat'>220</span> <span class='ocrx_word' id='word_1_2' title='bbox 933 257 1065 294; x_wconf 88' lang='lat' dir='ltr'><em>LOCI</em></span> <span class='ocrx_word' id='word_1_3' title='bbox 1098 258 1138 293; x_wconf 93' lang='lat' dir='ltr'><em>E</em></span> <span class='ocrx_word' id='word_1_4' title='bbox 1174 258 1341 294; x_wconf 86' lang='lat' dir='ltr'><em>LIBRO</em></span> <span class='ocrx_word' id='word_1_5' title='bbox 1389 259 1733 296; x_wconf 87' lang='lat' dir='ltr'><em>VERITATUM.</em></span> 
     </span>
    </p>
   </div>
   <div class='ocr_carea' id='block_1_2' title="bbox 383 340 2232 2873">
    <p class='ocr_par' dir='ltr' id='par_1_2' title="bbox 424 340 2232 1181">
     <span class='ocr_line' id='line_1_2' title="bbox 519 340 532 367; baseline 0 0"><span class='ocrx_word' id='word_1_6' title='bbox 519 340 532 367; x_wconf 58' lang='grc' dir='ltr'>,ι</span> 
     </span>
     <span class='ocr_line' id='line_1_3' title="bbox 430 401 2232 459; baseline 0.002 -18"><span class='ocrx_word' id='word_1_7' title='bbox 430 406 527 442; x_wconf 88' lang='lat' dir='ltr'>rent</span> <span class='ocrx_word' id='word_1_8' title='bbox 562 415 724 443; x_wconf 84' lang='lat' dir='ltr'>uxores</span> <span class='ocrx_word' id='word_1_9' title='bbox 759 402 816 443; x_wconf 92' lang='lat' dir='ltr'>de</span> <span class='ocrx_word' id='word_1_10' title='bbox 852 401 967 443; x_wconf 89' lang='lat' dir='ltr'>tribu</span> <span class='ocrx_word' id='word_1_11' title='bbox 1005 407 1050 443; x_wconf 89' lang='lat' dir='ltr'>et</span> <span class='ocrx_word' id='word_1_12' title='bbox 1085 402 1143 443; x_wconf 90' lang='lat' dir='ltr'>de</span> <span class='ocrx_word' id='word_1_13' title='bbox 1178 402 1362 443; x_wconf 81' lang='lat' dir='ltr'>nacione</span> <span class='ocrx_word' id='word_1_14' title='bbox 1403 415 1496 452; x_wconf 86' lang='lat' dir='ltr'>sua,</span> <span class='ocrx_word' id='word_1_15' title='bbox 1533 408 1582 444; x_wconf 92' lang='lat' dir='ltr'>ut</span> <span class='ocrx_word' id='word_1_16' title='bbox 1617 402 1852 445; x_wconf 70' lang='lat' dir='ltr'>haereditas</span> <span class='ocrx_word' id='word_1_17' title='bbox 1891 409 2147 459; x_wconf 89' lang='lat' dir='ltr'>permaneat</span> <span class='ocrx_word' id='word_1_18' title='bbox 2187 403 2232 444; x_wconf 93' lang='lat' dir='ltr'>in</span> 
     </span>
     <span class='ocr_line' id='line_1_4' title="bbox 429 481 2232 537; baseline 0.001 -14"><span class='ocrx_word' id='word_1_19' title='bbox 429 481 616 534; x_wconf 88' lang='lat' dir='ltr'>familiis,</span> <span class='ocrx_word' id='word_1_20' title='bbox 644 497 699 524; x_wconf 91' lang='lat' dir='ltr'>ne</span> <span class='ocrx_word' id='word_1_21' title='bbox 729 483 810 524; x_wconf 88' lang='lat' dir='ltr'>sibi</span> <span class='ocrx_word' id='word_1_22' title='bbox 840 483 1106 524; x_wconf 87' lang='lat' dir='ltr'>misceantur</span> <span class='ocrx_word' id='word_1_23' title='bbox 1132 482 1282 533; x_wconf 91' lang='lat' dir='ltr'>tribus,</span> <span class='ocrx_word' id='word_1_24' title='bbox 1312 483 1390 524; x_wconf 89' lang='lat' dir='ltr'>sed</span> <span class='ocrx_word' id='word_1_25' title='bbox 1418 484 1481 524; x_wconf 91' lang='lat' dir='ltr'>ita</span> <span class='ocrx_word' id='word_1_26' title='bbox 1510 490 1732 534; x_wconf 87' lang='lat' dir='ltr'>maneant,</span> <span class='ocrx_word' id='word_1_27' title='bbox 1760 490 1810 526; x_wconf 93' lang='lat' dir='ltr'>ut</span> <span class='ocrx_word' id='word_1_28' title='bbox 1836 498 1863 525; x_wconf 91' lang='lat' dir='ltr'>a</span> <span class='ocrx_word' id='word_1_29' title='bbox 1891 484 1990 525; x_wconf 92' lang='lat' dir='ltr'>Deo</span> <span class='ocrx_word' id='word_1_30' title='bbox 2017 488 2232 537; x_wconf 79' lang='lat' dir='ltr'>separatae</span> 
     </span>
     <span class='ocr_line' id='line_1_5' title="bbox 429 562 2231 618; baseline 0.002 -15"><span class='ocrx_word' id='word_1_31' title='bbox 429 562 528 614; x_wconf 87' lang='lat' dir='ltr'>sint,</span> <span class='ocrx_word' id='word_1_32' title='bbox 550 578 609 605; x_wconf 86' lang='lat' dir='ltr'>ex</span> <span class='ocrx_word' id='word_1_33' title='bbox 640 577 728 617; x_wconf 93' lang='lat' dir='ltr'>quo</span> <span class='ocrx_word' id='word_1_34' title='bbox 756 569 879 617; x_wconf 88' lang='lat' dir='ltr'>patet</span> <span class='ocrx_word' id='word_1_35' title='bbox 903 563 1023 617; x_wconf 93' lang='lat' dir='ltr'>quod</span> <span class='ocrx_word' id='word_1_36' title='bbox 1052 562 1159 605; x_wconf 88' lang='lat' dir='ltr'>utile</span> <span class='ocrx_word' id='word_1_37' title='bbox 1188 569 1314 614; x_wconf 89' lang='lat' dir='ltr'>esset,</span> <span class='ocrx_word' id='word_1_38' title='bbox 1336 569 1381 605; x_wconf 88' lang='lat' dir='ltr'>et</span> <span class='ocrx_word' id='word_1_39' title='bbox 1407 563 1694 618; x_wconf 89' lang='lat' dir='ltr'>plurimorum</span> <span class='ocrx_word' id='word_1_40' title='bbox 1726 564 1943 606; x_wconf 89' lang='lat' dir='ltr'>malorum</span> <span class='ocrx_word' id='word_1_41' title='bbox 1973 564 2231 615; x_wconf 85' lang='lat' dir='ltr'>destruccio,</span> 
     </span>
     <span class='ocr_line' id='line_1_6' title="bbox 429 644 2230 698; baseline 0 -13"><span class='ocrx_word' id='word_1_42' title='bbox 429 650 604 686; x_wconf 88' lang='lat' dir='ltr'>tantum</span> <span class='ocrx_word' id='word_1_43' title='bbox 626 657 751 697; x_wconf 84' lang='lat' dir='ltr'>reges</span> <span class='ocrx_word' id='word_1_44' title='bbox 773 649 817 685; x_wconf 89' lang='lat' dir='ltr'>et</span> <span class='ocrx_word' id='word_1_45' title='bbox 838 657 1022 698; x_wconf 87' lang='lat' dir='ltr'>magnos</span> <span class='ocrx_word' id='word_1_46' title='bbox 1047 644 1250 685; x_wconf 87' lang='lat' dir='ltr'>dominos</span> <span class='ocrx_word' id='word_1_47' title='bbox 1279 650 1474 686; x_wconf 89' lang='lat' dir='ltr'>terrenos</span> <span class='ocrx_word' id='word_1_48' title='bbox 1499 645 1659 686; x_wconf 92' lang='lat' dir='ltr'>ducere</span> <span class='ocrx_word' id='word_1_49' title='bbox 1680 659 1841 687; x_wconf 86' lang='lat' dir='ltr'>uxores</span> <span class='ocrx_word' id='word_1_50' title='bbox 1865 659 1967 687; x_wconf 84' lang='lat' dir='ltr'>suas</span> <span class='ocrx_word' id='word_1_51' title='bbox 1988 646 2044 687; x_wconf 90' lang='lat' dir='ltr'>de</span> <span class='ocrx_word' id='word_1_52' title='bbox 2073 645 2230 687; x_wconf 88' lang='lat' dir='ltr'>eodem</span> 
     </span>
     <span class='ocr_line' id='line_1_7' title="bbox 428 724 2230 781; baseline 0.001 -16"><span class='ocrx_word' id='word_1_53' title='bbox 428 738 575 779; x_wconf 87' lang='lat' dir='ltr'>regno,</span> <span class='ocrx_word' id='word_1_54' title='bbox 600 730 648 765; x_wconf 93' lang='lat' dir='ltr'>ut</span> <span class='ocrx_word' id='word_1_55' title='bbox 679 724 914 766; x_wconf 85' lang='lat' dir='ltr'>haereditas</span> <span class='ocrx_word' id='word_1_56' title='bbox 945 730 1124 766; x_wconf 89' lang='lat' dir='ltr'>maneat</span> <span class='ocrx_word' id='word_1_57' title='bbox 1153 724 1405 765; x_wconf 91' lang='lat' dir='ltr'>hominibus</span> <span class='ocrx_word' id='word_1_58' title='bbox 1437 724 1635 779; x_wconf 89' lang='lat' dir='ltr'>ejusdem</span> <span class='ocrx_word' id='word_1_59' title='bbox 1667 726 1799 779; x_wconf 81' lang='lat' dir='ltr'>regni,</span> <span class='ocrx_word' id='word_1_60' title='bbox 1826 739 1880 768; x_wconf 90' lang='lat' dir='ltr'>ne</span> <span class='ocrx_word' id='word_1_61' title='bbox 1911 740 2045 781; x_wconf 87' lang='lat' dir='ltr'>regna</span> <span class='ocrx_word' id='word_1_62' title='bbox 2076 725 2230 767; x_wconf 89' lang='lat' dir='ltr'>misee-</span> 
     </span>
     <span class='ocr_line' id='line_1_8' title="bbox 426 804 2230 860; baseline 0.001 -14"><span class='ocrx_word' id='word_1_63' title='bbox 426 811 565 853; x_wconf 84' lang='lat' dir='ltr'>antur,</span> <span class='ocrx_word' id='word_1_64' title='bbox 603 805 681 845; x_wconf 90' lang='lat' dir='ltr'>sed</span> <span class='ocrx_word' id='word_1_65' title='bbox 719 804 781 845; x_wconf 92' lang='lat' dir='ltr'>ita</span> <span class='ocrx_word' id='word_1_66' title='bbox 817 810 1028 846; x_wconf 86' lang='lat' dir='ltr'>maneant</span> <span class='ocrx_word' id='word_1_67' title='bbox 1063 810 1113 846; x_wconf 95' lang='lat' dir='ltr'>ut</span> <span class='ocrx_word' id='word_1_68' title='bbox 1147 818 1174 845; x_wconf 89' lang='lat' dir='ltr'>a</span> <span class='ocrx_word' id='word_1_69' title='bbox 1210 804 1407 845; x_wconf 87' lang='lat' dir='ltr'>Domino</span> <span class='ocrx_word' id='word_1_70' title='bbox 1442 811 1646 859; x_wconf 90' lang='lat' dir='ltr'>separata</span> <span class='ocrx_word' id='word_1_71' title='bbox 1686 811 1800 856; x_wconf 92' lang='lat' dir='ltr'>sunt,</span> <span class='ocrx_word' id='word_1_72' title='bbox 1841 819 1900 847; x_wconf 92' lang='lat' dir='ltr'>sc.</span> <span class='ocrx_word' id='word_1_73' title='bbox 1941 820 2020 860; x_wconf 90' lang='lat' dir='ltr'>per</span> <span class='ocrx_word' id='word_1_74' title='bbox 2059 805 2230 847; x_wconf 83' lang='lat' dir='ltr'>diversa</span> 
     </span>
     <span class='ocr_line' id='line_1_9' title="bbox 427 884 2231 940; baseline 0.001 -14"><span class='ocrx_word' id='word_1_75' title='bbox 427 886 576 936; x_wconf 87' lang='lat' dir='ltr'>maria,</span> <span class='ocrx_word' id='word_1_76' title='bbox 612 890 656 926; x_wconf 91' lang='lat' dir='ltr'>et</span> <span class='ocrx_word' id='word_1_77' title='bbox 687 884 926 938; x_wconf 90' lang='lat' dir='ltr'>aliquando</span> <span class='ocrx_word' id='word_1_78' title='bbox 962 898 1041 938; x_wconf 88' lang='lat' dir='ltr'>per</span> <span class='ocrx_word' id='word_1_79' title='bbox 1074 885 1260 936; x_wconf 88' lang='lat' dir='ltr'>deserta,</span> <span class='ocrx_word' id='word_1_80' title='bbox 1297 891 1341 926; x_wconf 92' lang='lat' dir='ltr'>et</span> <span class='ocrx_word' id='word_1_81' title='bbox 1373 899 1453 940; x_wconf 91' lang='lat' dir='ltr'>per</span> <span class='ocrx_word' id='word_1_82' title='bbox 1488 891 1688 935; x_wconf 89' lang='lat' dir='ltr'>montes;</span> <span class='ocrx_word' id='word_1_83' title='bbox 1730 892 1779 927; x_wconf 88' lang='lat' dir='ltr'>ut</span> <span class='ocrx_word' id='word_1_84' title='bbox 1819 885 1990 928; x_wconf 89' lang='lat' dir='ltr'>diversa</span> <span class='ocrx_word' id='word_1_85' title='bbox 2030 899 2164 940; x_wconf 88' lang='lat' dir='ltr'>regna</span> <span class='ocrx_word' id='word_1_86' title='bbox 2203 899 2231 927; x_wconf 90' lang='lat' dir='ltr'>a</span> 
     </span>
     <span class='ocr_line' id='line_1_10' title="bbox 426 965 2230 1020; baseline 0.001 -14"><span class='ocrx_word' id='word_1_87' title='bbox 426 965 608 1007; x_wconf 89' lang='lat' dir='ltr'>diversis</span> <span class='ocrx_word' id='word_1_88' title='bbox 652 971 697 1006; x_wconf 86' lang='lat' dir='ltr'>et</span> <span class='ocrx_word' id='word_1_89' title='bbox 742 979 768 1006; x_wconf 89' lang='lat' dir='ltr'>a</span> <span class='ocrx_word' id='word_1_90' title='bbox 812 965 999 1019; x_wconf 87' lang='lat' dir='ltr'>propriis</span> <span class='ocrx_word' id='word_1_91' title='bbox 1042 965 1195 1007; x_wconf 91' lang='lat' dir='ltr'>incolis</span> <span class='ocrx_word' id='word_1_92' title='bbox 1239 965 1597 1020; x_wconf 84' lang='lat' dir='ltr'>gubernarentur,</span> <span class='ocrx_word' id='word_1_93' title='bbox 1642 979 1698 1007; x_wconf 90' lang='lat' dir='ltr'>ne</span> <span class='ocrx_word' id='word_1_94' title='bbox 1741 966 1930 1008; x_wconf 87' lang='lat' dir='ltr'>ambicio</span> <span class='ocrx_word' id='word_1_95' title='bbox 1974 966 2230 1008; x_wconf 88' lang='lat' dir='ltr'>dominandi</span> 
     </span>
     <span class='ocr_line' id='line_1_11' title="bbox 426 1045 2230 1100; baseline 0.001 -14"><span class='ocrx_word' id='word_1_96' title='bbox 426 1047 621 1100; x_wconf 89' lang='lat' dir='ltr'>dampna</span> <span class='ocrx_word' id='word_1_97' title='bbox 661 1046 819 1087; x_wconf 87' lang='lat' dir='ltr'>inferat</span> <span class='ocrx_word' id='word_1_98' title='bbox 858 1045 1067 1099; x_wconf 89' lang='lat' dir='ltr'>utrisque,</span> <span class='ocrx_word' id='word_1_99' title='bbox 1099 1046 1173 1087; x_wconf 90' lang='lat' dir='ltr'>ubi</span> <span class='ocrx_word' id='word_1_100' title='bbox 1214 1059 1293 1087; x_wconf 84' lang='lat' dir='ltr'>rex</span> <span class='ocrx_word' id='word_1_101' title='bbox 1335 1046 1500 1087; x_wconf 89' lang='lat' dir='ltr'>divisus</span> <span class='ocrx_word' id='word_1_102' title='bbox 1541 1053 1607 1088; x_wconf 90' lang='lat' dir='ltr'>est</span> <span class='ocrx_word' id='word_1_103' title='bbox 1647 1046 1691 1087; x_wconf 91' lang='lat' dir='ltr'>in</span> <span class='ocrx_word' id='word_1_104' title='bbox 1732 1046 1858 1100; x_wconf 84' lang='lat' dir='ltr'>plura</span> <span class='ocrx_word' id='word_1_105' title='bbox 1894 1053 1939 1089; x_wconf 91' lang='lat' dir='ltr'>et</span> <span class='ocrx_word' id='word_1_106' title='bbox 1977 1047 2022 1087; x_wconf 91' lang='lat' dir='ltr'>in</span> <span class='ocrx_word' id='word_1_107' title='bbox 2063 1046 2230 1100; x_wconf 87' lang='lat' dir='ltr'>maj0ra</span> 
     </span>
     <span class='ocr_line' id='line_1_12' title="bbox 424 1127 1066 1181; baseline 0 -13"><span class='ocrx_word' id='word_1_108' title='bbox 424 1127 536 1169; x_wconf 85' lang='lat' dir='ltr'>forte</span> <span class='ocrx_word' id='word_1_109' title='bbox 566 1141 701 1181; x_wconf 89' lang='lat' dir='ltr'>quam</span> <span class='ocrx_word' id='word_1_110' title='bbox 733 1140 884 1181; x_wconf 86' lang='lat' dir='ltr'>regere</span> <span class='ocrx_word' id='word_1_111' title='bbox 914 1127 1066 1181; x_wconf 86' lang='lat' dir='ltr'>possit.</span> 
     </span>
    </p>

    <p class='ocr_par' dir='ltr' id='par_1_3' title="bbox 383 1206 2229 2552">
     <span class='ocr_line' id='line_1_13' title="bbox 541 1206 2229 1261; baseline 0.002 -14"><span class='ocrx_word' id='word_1_112' title='bbox 541 1213 590 1257; x_wconf 91' lang='lat' dir='ltr'>[p.</span> <span class='ocrx_word' id='word_1_113' title='bbox 615 1213 708 1255; x_wconf 67' lang='lat'>607]</span> <span class='ocrx_word' id='word_1_114' title='bbox 758 1213 871 1248; x_wconf 84' lang='lat' dir='ltr'>Rex.</span> <span class='ocrx_word' id='word_1_115' title='bbox 923 1206 1048 1249; x_wconf 90' lang='lat' dir='ltr'>Ante</span> <span class='ocrx_word' id='word_1_116' title='bbox 1081 1208 1324 1249; x_wconf 90' lang='lat' dir='ltr'>Henricum</span> <span class='ocrx_word' id='word_1_117' title='bbox 1356 1206 1550 1249; x_wconf 86' lang='lat' dir='ltr'>Sextum</span> <span class='ocrx_word' id='word_1_118' title='bbox 1580 1221 1806 1261; x_wconf 86' lang='lat' dir='ltr'>nunquam</span> <span class='ocrx_word' id='word_1_119' title='bbox 1835 1208 1916 1250; x_wconf 85' lang='lat' dir='ltr'>fuit</span> <span class='ocrx_word' id='word_1_120' title='bbox 1946 1222 2026 1250; x_wconf 84' lang='lat' dir='ltr'>rex</span> <span class='ocrx_word' id='word_1_121' title='bbox 2057 1209 2101 1249; x_wconf 91' lang='lat' dir='ltr'>in</span> <span class='ocrx_word' id='word_1_122' title='bbox 2131 1208 2229 1249; x_wconf 91' lang='lat' dir='ltr'>An-</span> 
     </span>
     <span class='ocr_line' id='line_1_14' title="bbox 388 1288 2229 1347; baseline 0.001 -18.019"><span class='ocrx_word' id='word_1_123' title='bbox 388 1289 513 1347; x_wconf 86' lang='lat' dir='ltr'>glia</span> <span class='ocrx_word' id='word_1_124' title='bbox 543 1289 617 1342; x_wconf 92' lang='lat' dir='ltr'>qui</span> <span class='ocrx_word' id='word_1_125' title='bbox 649 1289 828 1330; x_wconf 88' lang='lat' dir='ltr'>retinuit</span> <span class='ocrx_word' id='word_1_126' title='bbox 858 1302 1006 1330; x_wconf 88' lang='lat' dir='ltr'>secum</span> <span class='ocrx_word' id='word_1_127' title='bbox 1043 1288 1238 1342; x_wconf 82' lang='lat' dir='ltr'>aliquem</span> <span class='ocrx_word' id='word_1_128' title='bbox 1274 1289 1530 1343; x_wconf 89' lang='lat' dir='ltr'>episcopum</span> <span class='ocrx_word' id='word_1_129' title='bbox 1566 1289 1609 1330; x_wconf 88' lang='lat' dir='ltr'>in</span> <span class='ocrx_word' id='word_1_130' title='bbox 1646 1289 1764 1330; x_wconf 88' lang='lat' dir='ltr'>curia</span> <span class='ocrx_word' id='word_1_131' title='bbox 1803 1303 1882 1330; x_wconf 89' lang='lat' dir='ltr'>sua</span> <span class='ocrx_word' id='word_1_132' title='bbox 1923 1290 2005 1331; x_wconf 90' lang='lat' dir='ltr'>nisi</span> <span class='ocrx_word' id='word_1_133' title='bbox 2040 1303 2118 1343; x_wconf 90' lang='lat' dir='ltr'>per</span> <span class='ocrx_word' id='word_1_134' title='bbox 2151 1303 2229 1331; x_wconf 90' lang='lat' dir='ltr'>an-</span> 
     </span>
     <span class='ocr_line' id='line_1_15' title="bbox 383 1369 2228 1424; baseline 0.001 -14"><span class='ocrx_word' id='word_1_135' title='bbox 383 1381 386 1384; x_wconf 88' lang='grc'>’</span> <span class='ocrx_word' id='word_1_136' title='bbox 425 1384 530 1410; x_wconf 90' lang='lat' dir='ltr'>num</span> <span class='ocrx_word' id='word_1_137' title='bbox 555 1369 623 1410; x_wconf 90' lang='lat' dir='ltr'>vel</span> <span class='ocrx_word' id='word_1_138' title='bbox 652 1383 729 1423; x_wconf 89' lang='lat' dir='ltr'>per</span> <span class='ocrx_word' id='word_1_139' title='bbox 757 1370 887 1420; x_wconf 89' lang='lat' dir='ltr'>diem,</span> <span class='ocrx_word' id='word_1_140' title='bbox 909 1384 989 1411; x_wconf 93' lang='lat' dir='ltr'>nec</span> <span class='ocrx_word' id='word_1_141' title='bbox 1020 1369 1178 1424; x_wconf 89' lang='lat' dir='ltr'>aliquis</span> <span class='ocrx_word' id='word_1_142' title='bbox 1206 1383 1286 1411; x_wconf 88' lang='lat' dir='ltr'>rex</span> <span class='ocrx_word' id='word_1_143' title='bbox 1314 1376 1418 1411; x_wconf 89' lang='lat' dir='ltr'>ante</span> <span class='ocrx_word' id='word_1_144' title='bbox 1447 1384 1547 1411; x_wconf 92' lang='lat' dir='ltr'>eum</span> <span class='ocrx_word' id='word_1_145' title='bbox 1572 1369 1726 1411; x_wconf 85' lang='lat' dir='ltr'>habuit</span> <span class='ocrx_word' id='word_1_146' title='bbox 1751 1370 2006 1424; x_wconf 89' lang='lat' dir='ltr'>episcopum</span> <span class='ocrx_word' id='word_1_147' title='bbox 2034 1370 2228 1424; x_wconf 81' lang='lat' dir='ltr'>aliquem</span> 
     </span>
     <span class='ocr_line' id='line_1_16' title="bbox 408 1449 2227 1504; baseline 0.001 -14.018"><span class='ocrx_word' id='word_1_148' title='bbox 408 1451 466 1490; x_wconf 92' lang='lat' dir='ltr'>in</span> <span class='ocrx_word' id='word_1_149' title='bbox 498 1464 625 1491; x_wconf 86' lang='lat' dir='ltr'>suum</span> <span class='ocrx_word' id='word_1_150' title='bbox 658 1450 965 1501; x_wconf 88' lang='lat' dir='ltr'>confessorem,</span> <span class='ocrx_word' id='word_1_151' title='bbox 997 1451 1075 1491; x_wconf 90' lang='lat' dir='ltr'>sed</span> <span class='ocrx_word' id='word_1_152' title='bbox 1108 1464 1245 1491; x_wconf 88' lang='lat' dir='ltr'>unum</span> <span class='ocrx_word' id='word_1_153' title='bbox 1278 1450 1444 1491; x_wconf 89' lang='lat' dir='ltr'>bonum</span> <span class='ocrx_word' id='word_1_154' title='bbox 1477 1451 1702 1492; x_wconf 91' lang='lat' dir='ltr'>doctorem</span> <span class='ocrx_word' id='word_1_155' title='bbox 1735 1450 1779 1491; x_wconf 91' lang='lat' dir='ltr'>in</span> <span class='ocrx_word' id='word_1_156' title='bbox 1811 1449 2081 1504; x_wconf 85' lang='lat' dir='ltr'>Theologia3</span> <span class='ocrx_word' id='word_1_157' title='bbox 2114 1457 2158 1492; x_wconf 92' lang='lat' dir='ltr'>et</span> <span class='ocrx_word' id='word_1_158' title='bbox 2190 1450 2227 1492; x_wconf 86' lang='lat' dir='ltr'>si</span> 
     </span>
     <span class='ocr_line' id='line_1_17' title="bbox 423 1530 2228 1585; baseline 0.001 -14"><span class='ocrx_word' id='word_1_159' title='bbox 423 1545 502 1571; x_wconf 85' lang='lat' dir='ltr'>rex</span> <span class='ocrx_word' id='word_1_160' title='bbox 538 1530 695 1584; x_wconf 88' lang='lat' dir='ltr'>aliquis</span> <span class='ocrx_word' id='word_1_161' title='bbox 725 1545 857 1572; x_wconf 85' lang='lat' dir='ltr'>causa</span> <span class='ocrx_word' id='word_1_162' title='bbox 893 1531 975 1572; x_wconf 85' lang='lat' dir='ltr'>fuit</span> <span class='ocrx_word' id='word_1_163' title='bbox 1011 1532 1130 1585; x_wconf 91' lang='lat' dir='ltr'>quod</span> <span class='ocrx_word' id='word_1_164' title='bbox 1167 1531 1390 1573; x_wconf 84' lang='lat' dir='ltr'>confessor</span> <span class='ocrx_word' id='word_1_165' title='bbox 1424 1545 1527 1572; x_wconf 90' lang='lat' dir='ltr'>suus</span> <span class='ocrx_word' id='word_1_166' title='bbox 1564 1531 1644 1573; x_wconf 89' lang='lat' dir='ltr'>fuit</span> <span class='ocrx_word' id='word_1_167' title='bbox 1680 1531 1844 1573; x_wconf 90' lang='lat' dir='ltr'>electus</span> <span class='ocrx_word' id='word_1_168' title='bbox 1880 1531 1924 1572; x_wconf 89' lang='lat' dir='ltr'>in</span> <span class='ocrx_word' id='word_1_169' title='bbox 1958 1532 2228 1585; x_wconf 85' lang='lat' dir='ltr'>episcopum,</span> 
     </span>
     <span class='ocr_line' id='line_1_18' title="bbox 424 1612 2228 1665; baseline 0.001 -14"><span class='ocrx_word' id='word_1_170' title='bbox 424 1625 532 1652; x_wconf 85' lang='lat' dir='ltr'>mox</span> <span class='ocrx_word' id='word_1_171' title='bbox 561 1612 725 1653; x_wconf 88' lang='lat' dir='ltr'>remisit</span> <span class='ocrx_word' id='word_1_172' title='bbox 757 1619 799 1654; x_wconf 91' lang='lat' dir='ltr'>et</span> <span class='ocrx_word' id='word_1_173' title='bbox 830 1612 1075 1654; x_wconf 86' lang='lat' dir='ltr'>licenciavit</span> <span class='ocrx_word' id='word_1_174' title='bbox 1107 1626 1208 1654; x_wconf 90' lang='lat' dir='ltr'>eum</span> <span class='ocrx_word' id='word_1_175' title='bbox 1238 1613 1300 1654; x_wconf 91' lang='lat' dir='ltr'>ire</span> <span class='ocrx_word' id='word_1_176' title='bbox 1331 1612 1374 1653; x_wconf 92' lang='lat' dir='ltr'>in</span> <span class='ocrx_word' id='word_1_177' title='bbox 1399 1626 1526 1654; x_wconf 88' lang='lat' dir='ltr'>suam</span> <span class='ocrx_word' id='word_1_178' title='bbox 1556 1626 1717 1661; x_wconf 86' lang='lat' dir='ltr'>curam,</span> <span class='ocrx_word' id='word_1_179' title='bbox 1740 1618 1785 1654; x_wconf 91' lang='lat' dir='ltr'>et</span> <span class='ocrx_word' id='word_1_180' title='bbox 1815 1625 2040 1665; x_wconf 89' lang='lat' dir='ltr'>nunquam</span> <span class='ocrx_word' id='word_1_181' title='bbox 2071 1618 2228 1665; x_wconf 84' lang='lat' dir='ltr'>postea</span> 
     </span>
     <span class='ocr_line' id='line_1_19' title="bbox 422 1691 2226 1747; baseline 0 -15"><span class='ocrx_word' id='word_1_182' title='bbox 422 1692 652 1745; x_wconf 89' lang='lat' dir='ltr'>occupavit</span> <span class='ocrx_word' id='word_1_183' title='bbox 691 1692 882 1733; x_wconf 87' lang='lat' dir='ltr'>officium</span> <span class='ocrx_word' id='word_1_184' title='bbox 919 1693 1179 1734; x_wconf 84' lang='lat' dir='ltr'>confessoris</span> <span class='ocrx_word' id='word_1_185' title='bbox 1211 1693 1345 1747; x_wconf 86' lang='lat' dir='ltr'>regii3</span> <span class='ocrx_word' id='word_1_186' title='bbox 1386 1699 1431 1734; x_wconf 87' lang='lat' dir='ltr'>et</span> <span class='ocrx_word' id='word_1_187' title='bbox 1461 1698 1565 1734; x_wconf 85' lang='lat' dir='ltr'>tunc</span> <span class='ocrx_word' id='word_1_188' title='bbox 1596 1692 1797 1734; x_wconf 89' lang='lat' dir='ltr'>doctores</span> <span class='ocrx_word' id='word_1_189' title='bbox 1836 1691 2011 1733; x_wconf 86' lang='lat' dir='ltr'>fuerunt</span> <span class='ocrx_word' id='word_1_190' title='bbox 2052 1705 2226 1745; x_wconf 71' lang='lat' dir='ltr'>magnae</span> 
     </span>
     <span class='ocr_line' id='line_1_20' title="bbox 421 1772 2227 1827; baseline 0 -14"><span class='ocrx_word' id='word_1_191' title='bbox 421 1773 619 1814; x_wconf 84' lang='lat' dir='ltr'>scienciae</span> <span class='ocrx_word' id='word_1_192' title='bbox 671 1779 714 1813; x_wconf 92' lang='lat' dir='ltr'>et</span> <span class='ocrx_word' id='word_1_193' title='bbox 763 1772 954 1822; x_wconf 88' lang='lat' dir='ltr'>honoris,</span> <span class='ocrx_word' id='word_1_194' title='bbox 997 1780 1040 1814; x_wconf 92' lang='lat' dir='ltr'>et</span> <span class='ocrx_word' id='word_1_195' title='bbox 1090 1774 1221 1827; x_wconf 91' lang='lat' dir='ltr'>positi</span> <span class='ocrx_word' id='word_1_196' title='bbox 1272 1774 1316 1814; x_wconf 92' lang='lat' dir='ltr'>in</span> <span class='ocrx_word' id='word_1_197' title='bbox 1369 1773 1635 1814; x_wconf 88' lang='lat' dir='ltr'>sessionibus</span> <span class='ocrx_word' id='word_1_198' title='bbox 1685 1780 1730 1814; x_wconf 93' lang='lat' dir='ltr'>et</span> <span class='ocrx_word' id='word_1_199' title='bbox 1777 1772 2046 1814; x_wconf 88' lang='lat' dir='ltr'>stacionibus</span> <span class='ocrx_word' id='word_1_200' title='bbox 2095 1786 2227 1827; x_wconf 86' lang='lat' dir='ltr'>supra</span> 
     </span>
     <span class='ocr_line' id='line_1_21' title="bbox 423 1852 2225 1907; baseline 0.001 -14"><span class='ocrx_word' id='word_1_201' title='bbox 423 1853 586 1894; x_wconf 88' lang='lat' dir='ltr'>milites</span> <span class='ocrx_word' id='word_1_202' title='bbox 619 1859 662 1894; x_wconf 88' lang='lat' dir='ltr'>et</span> <span class='ocrx_word' id='word_1_203' title='bbox 698 1866 829 1906; x_wconf 84' lang='lat' dir='ltr'>supra</span> <span class='ocrx_word' id='word_1_204' title='bbox 862 1854 1054 1894; x_wconf 85' lang='lat' dir='ltr'>decanos</span> <span class='ocrx_word' id='word_1_205' title='bbox 1090 1860 1134 1895; x_wconf 88' lang='lat' dir='ltr'>et</span> <span class='ocrx_word' id='word_1_206' title='bbox 1164 1853 1521 1904; x_wconf 86' lang='lat' dir='ltr'>archidiaconos;</span> <span class='ocrx_word' id='word_1_207' title='bbox 1563 1860 1608 1894; x_wconf 91' lang='lat' dir='ltr'>et</span> <span class='ocrx_word' id='word_1_208' title='bbox 1638 1866 1762 1906; x_wconf 85' lang='lat' dir='ltr'>reges</span> <span class='ocrx_word' id='word_1_209' title='bbox 1794 1853 1947 1894; x_wconf 90' lang='lat' dir='ltr'>dicunt</span> <span class='ocrx_word' id='word_1_210' title='bbox 1978 1852 2073 1906; x_wconf 90' lang='lat' dir='ltr'>jam</span> <span class='ocrx_word' id='word_1_211' title='bbox 2103 1853 2225 1907; x_wconf 93' lang='lat' dir='ltr'>quod</span> 
     </span>
     <span class='ocr_line' id='line_1_22' title="bbox 421 1932 2223 1987; baseline 0 -13"><span class='ocrx_word' id='word_1_212' title='bbox 421 1939 606 1987; x_wconf 88' lang='lat' dir='ltr'>possunt</span> <span class='ocrx_word' id='word_1_213' title='bbox 653 1933 818 1974; x_wconf 91' lang='lat' dir='ltr'>habere</span> <span class='ocrx_word' id='word_1_214' title='bbox 868 1947 979 1987; x_wconf 89' lang='lat' dir='ltr'>quos</span> <span class='ocrx_word' id='word_1_215' title='bbox 1018 1933 1172 1976; x_wconf 90' lang='lat' dir='ltr'>volunt</span> <span class='ocrx_word' id='word_1_216' title='bbox 1213 1949 1239 1975; x_wconf 92' lang='lat' dir='ltr'>a</span> <span class='ocrx_word' id='word_1_217' title='bbox 1280 1934 1392 1976; x_wconf 88' lang='lat' dir='ltr'>curis</span> <span class='ocrx_word' id='word_1_218' title='bbox 1443 1947 1605 1984; x_wconf 90' lang='lat' dir='ltr'>eorum,</span> <span class='ocrx_word' id='word_1_219' title='bbox 1648 1939 1692 1975; x_wconf 89' lang='lat' dir='ltr'>et</span> <span class='ocrx_word' id='word_1_220' title='bbox 1729 1932 1787 1974; x_wconf 92' lang='lat' dir='ltr'>ab</span> <span class='ocrx_word' id='word_1_221' title='bbox 1831 1933 2051 1984; x_wconf 87' lang='lat' dir='ltr'>ecclesiis;</span> <span class='ocrx_word' id='word_1_222' title='bbox 2102 1939 2147 1975; x_wconf 93' lang='lat' dir='ltr'>et</span> <span class='ocrx_word' id='word_1_223' title='bbox 2188 1933 2223 1974; x_wconf 87' lang='lat' dir='ltr'>si</span> 
     </span>
     <span class='ocr_line' id='line_1_23' title="bbox 421 1994 2224 2067; baseline 0 -13"><span class='ocrx_word' id='word_1_224' title='bbox 421 2019 630 2056; x_wconf 88' lang='lat' dir='ltr'>maneant</span> <span class='ocrx_word' id='word_1_225' title='bbox 672 2027 772 2055; x_wconf 90' lang='lat' dir='ltr'>cum</span> <span class='ocrx_word' id='word_1_226' title='bbox 815 2013 988 2067; x_wconf 85' lang='lat' dir='ltr'>regibus</span> <span class='ocrx_word' id='word_1_227' title='bbox 1030 2021 1074 2055; x_wconf 92' lang='lat' dir='ltr'>et</span> <span class='ocrx_word' id='word_1_228' title='bbox 1114 2015 1305 2056; x_wconf 90' lang='lat' dir='ltr'>dominis</span> <span class='ocrx_word' id='word_1_229' title='bbox 1342 1994 1402 2055; x_wconf 60' lang='lat' dir='ltr'>is</span> <span class='ocrx_word' id='word_1_230' title='bbox 1428 2027 1580 2055; x_wconf 88' lang='lat' dir='ltr'>eorum</span> <span class='ocrx_word' id='word_1_231' title='bbox 1620 2014 1759 2064; x_wconf 84' lang='lat' dir='ltr'>curiis,</span> <span class='ocrx_word' id='word_1_232' title='bbox 1796 2014 1948 2055; x_wconf 91' lang='lat' dir='ltr'>dicunt</span> <span class='ocrx_word' id='word_1_233' title='bbox 1988 2014 2105 2067; x_wconf 91' lang='lat' dir='ltr'>quod</span> <span class='ocrx_word' id='word_1_234' title='bbox 2146 2027 2224 2055; x_wconf 87' lang='lat' dir='ltr'>ex-</span> 
     </span>
     <span class='ocr_line' id='line_1_24' title="bbox 421 2094 2222 2148; baseline -0.001 -12"><span class='ocrx_word' id='word_1_235' title='bbox 421 2102 676 2137; x_wconf 86' lang='lat' dir='ltr'>cusarentur</span> <span class='ocrx_word' id='word_1_236' title='bbox 720 2095 776 2135; x_wconf 91' lang='lat' dir='ltr'>de</span> <span class='ocrx_word' id='word_1_237' title='bbox 827 2107 914 2135; x_wconf 91' lang='lat' dir='ltr'>non</span> <span class='ocrx_word' id='word_1_238' title='bbox 963 2095 1203 2137; x_wconf 88' lang='lat' dir='ltr'>residencia</span> <span class='ocrx_word' id='word_1_239' title='bbox 1244 2097 1288 2137; x_wconf 92' lang='lat' dir='ltr'>in</span> <span class='ocrx_word' id='word_1_240' title='bbox 1329 2096 1418 2137; x_wconf 87' lang='lat' dir='ltr'>suis</span> <span class='ocrx_word' id='word_1_241' title='bbox 1465 2095 1577 2137; x_wconf 88' lang='lat' dir='ltr'>curis</span> <span class='ocrx_word' id='word_1_242' title='bbox 1626 2108 1705 2148; x_wconf 86' lang='lat' dir='ltr'>per</span> <span class='ocrx_word' id='word_1_243' title='bbox 1747 2094 1950 2148; x_wconf 87' lang='lat' dir='ltr'>papalem</span> <span class='ocrx_word' id='word_1_244' title='bbox 1995 2094 2222 2136; x_wconf 87' lang='lat' dir='ltr'>licenciam</span> 
     </span>
     <span class='ocr_line' id='line_1_25' title="bbox 421 2174 2223 2230; baseline -0.001 -14"><span class='ocrx_word' id='word_1_245' title='bbox 421 2176 597 2230; x_wconf 87' lang='lat' dir='ltr'>regibus</span> <span class='ocrx_word' id='word_1_246' title='bbox 633 2181 678 2216; x_wconf 90' lang='lat' dir='ltr'>et</span> <span class='ocrx_word' id='word_1_247' title='bbox 710 2175 900 2216; x_wconf 88' lang='lat' dir='ltr'>dominis</span> <span class='ocrx_word' id='word_1_248' title='bbox 937 2188 1202 2217; x_wconf 85' lang='lat' dir='ltr'>concessam.</span> <span class='ocrx_word' id='word_1_249' title='bbox 1277 2176 1405 2225; x_wconf 91' lang='lat' dir='ltr'>Item,</span> <span class='ocrx_word' id='word_1_250' title='bbox 1435 2175 1529 2229; x_wconf 85' lang='lat' dir='ltr'>jam</span> <span class='ocrx_word' id='word_1_251' title='bbox 1561 2175 1753 2229; x_wconf 91' lang='lat' dir='ltr'>episcopi</span> <span class='ocrx_word' id='word_1_252' title='bbox 1787 2175 1939 2217; x_wconf 88' lang='lat' dir='ltr'>dicunt</span> <span class='ocrx_word' id='word_1_253' title='bbox 1971 2175 2091 2228; x_wconf 90' lang='lat' dir='ltr'>quod</span> <span class='ocrx_word' id='word_1_254' title='bbox 2127 2174 2223 2228; x_wconf 90' lang='lat' dir='ltr'>qui-</span> 
     </span>
     <span class='ocr_line' id='line_1_26' title="bbox 421 2254 2221 2310; baseline -0.002 -12"><span class='ocrx_word' id='word_1_255' title='bbox 421 2270 593 2310; x_wconf 89' lang='lat' dir='ltr'>cunque</span> <span class='ocrx_word' id='word_1_256' title='bbox 629 2262 818 2297; x_wconf 89' lang='lat' dir='ltr'>rectores</span> <span class='ocrx_word' id='word_1_257' title='bbox 853 2254 923 2296; x_wconf 91' lang='lat' dir='ltr'>vel</span> <span class='ocrx_word' id='word_1_258' title='bbox 963 2256 1108 2296; x_wconf 86' lang='lat' dir='ltr'>vicarii</span> <span class='ocrx_word' id='word_1_259' title='bbox 1145 2270 1236 2297; x_wconf 82' lang='lat' dir='ltr'>suae</span> <span class='ocrx_word' id='word_1_260' title='bbox 1272 2257 1458 2297; x_wconf 85' lang='lat' dir='ltr'>diocesis</span> <span class='ocrx_word' id='word_1_261' title='bbox 1498 2261 1752 2296; x_wconf 85' lang='lat' dir='ltr'>remaneant</span> <span class='ocrx_word' id='word_1_262' title='bbox 1791 2255 1835 2295; x_wconf 91' lang='lat' dir='ltr'>in</span> <span class='ocrx_word' id='word_1_263' title='bbox 1872 2255 1988 2297; x_wconf 89' lang='lat' dir='ltr'>curia</span> <span class='ocrx_word' id='word_1_264' title='bbox 2029 2254 2221 2310; x_wconf 88' lang='lat' dir='ltr'>episcopi</span> 
     </span>
     <span class='ocr_line' id='line_1_27' title="bbox 419 2334 2223 2390; baseline -0.001 -13"><span class='ocrx_word' id='word_1_265' title='bbox 419 2336 489 2377; x_wconf 90' lang='lat' dir='ltr'>vel</span> <span class='ocrx_word' id='word_1_266' title='bbox 520 2336 564 2376; x_wconf 94' lang='lat' dir='ltr'>in</span> <span class='ocrx_word' id='word_1_267' title='bbox 597 2335 740 2377; x_wconf 84' lang='lat' dir='ltr'>officio</span> <span class='ocrx_word' id='word_1_268' title='bbox 774 2334 979 2389; x_wconf 87' lang='lat' dir='ltr'>episcopi,</span> <span class='ocrx_word' id='word_1_269' title='bbox 1013 2342 1244 2377; x_wconf 88' lang='lat' dir='ltr'>censentur</span> <span class='ocrx_word' id='word_1_270' title='bbox 1274 2350 1333 2377; x_wconf 87' lang='lat' dir='ltr'>ex</span> <span class='ocrx_word' id='word_1_271' title='bbox 1359 2336 1457 2390; x_wconf 91' lang='lat' dir='ltr'>jure</span> <span class='ocrx_word' id='word_1_272' title='bbox 1489 2335 1682 2377; x_wconf 74' lang='lat' dir='ltr'>ecclesiae</span> <span class='ocrx_word' id='word_1_273' title='bbox 1719 2335 1906 2376; x_wconf 89' lang='lat' dir='ltr'>residere</span> <span class='ocrx_word' id='word_1_274' title='bbox 1938 2335 2122 2389; x_wconf 90' lang='lat' dir='ltr'>propriis</span> <span class='ocrx_word' id='word_1_275' title='bbox 2153 2348 2223 2376; x_wconf 91' lang='lat' dir='ltr'>ec-</span> 
     </span>
     <span class='ocr_line' id='line_1_28' title="bbox 420 2414 2223 2469; baseline -0.002 -11"><span class='ocrx_word' id='word_1_276' title='bbox 420 2417 562 2458; x_wconf 87' lang='lat' dir='ltr'>clesiis</span> <span class='ocrx_word' id='word_1_277' title='bbox 604 2422 648 2458; x_wconf 92' lang='lat' dir='ltr'>et</span> <span class='ocrx_word' id='word_1_278' title='bbox 689 2416 733 2456; x_wconf 94' lang='lat' dir='ltr'>in</span> <span class='ocrx_word' id='word_1_279' title='bbox 768 2415 955 2469; x_wconf 90' lang='lat' dir='ltr'>propriis</span> <span class='ocrx_word' id='word_1_280' title='bbox 996 2416 1121 2456; x_wconf 90' lang='lat' dir='ltr'>curis.</span> <span class='ocrx_word' id='word_1_281' title='bbox 1197 2414 1305 2458; x_wconf 85' lang='lat' dir='ltr'>Vae!</span> <span class='ocrx_word' id='word_1_282' title='bbox 1351 2415 1442 2457; x_wconf 85' lang='lat' dir='ltr'>vae!</span> <span class='ocrx_word' id='word_1_283' title='bbox 1489 2415 1580 2456; x_wconf 86' lang='lat' dir='ltr'>vae!</span> <span class='ocrx_word' id='word_1_284' title='bbox 1625 2414 1709 2457; x_wconf 90' lang='lat' dir='ltr'>illis</span> <span class='ocrx_word' id='word_1_285' title='bbox 1750 2415 1824 2469; x_wconf 90' lang='lat' dir='ltr'>qui</span> <span class='ocrx_word' id='word_1_286' title='bbox 1865 2415 2062 2457; x_wconf 93' lang='lat' dir='ltr'>condunt</span> <span class='ocrx_word' id='word_1_287' title='bbox 2101 2414 2223 2468; x_wconf 88' lang='lat' dir='ltr'>leges</span> 
     </span>
     <span class='ocr_line' id='line_1_29' title="bbox 420 2497 1512 2552; baseline 0 -14"><span class='ocrx_word' id='word_1_288' title='bbox 420 2499 603 2552; x_wconf 87' lang='lat' dir='ltr'>iniquas,</span> <span class='ocrx_word' id='word_1_289' title='bbox 636 2504 682 2540; x_wconf 91' lang='lat' dir='ltr'>et</span> <span class='ocrx_word' id='word_1_290' title='bbox 713 2498 786 2551; x_wconf 93' lang='lat' dir='ltr'>qui</span> <span class='ocrx_word' id='word_1_291' title='bbox 818 2497 971 2538; x_wconf 90' lang='lat' dir='ltr'>dicunt</span> <span class='ocrx_word' id='word_1_292' title='bbox 1002 2497 1167 2538; x_wconf 87' lang='lat' dir='ltr'>malum</span> <span class='ocrx_word' id='word_1_293' title='bbox 1197 2511 1293 2539; x_wconf 91' lang='lat' dir='ltr'>esse</span> <span class='ocrx_word' id='word_1_294' title='bbox 1322 2497 1512 2538; x_wconf 86' lang='lat' dir='ltr'>bonum!</span> 
     </span>
    </p>

    <p class='ocr_par' dir='ltr' id='par_1_4' title="bbox 419 2574 2222 2873">
     <span class='ocr_line' id='line_1_30' title="bbox 535 2574 2222 2632; baseline -0.002 -14"><span class='ocrx_word' id='word_1_295' title='bbox 535 2585 583 2628; x_wconf 88' lang='lat' dir='ltr'>[p.</span> <span class='ocrx_word' id='word_1_296' title='bbox 606 2584 700 2630; x_wconf 69' lang='lat'><em>609]</em></span> <span class='ocrx_word' id='word_1_297' title='bbox 745 2583 962 2627; x_wconf 84' lang='lat' dir='ltr'>Regnum.</span> <span class='ocrx_word' id='word_1_298' title='bbox 996 2577 1202 2630; x_wconf 84' lang='lat' dir='ltr'>Regnum</span> <span class='ocrx_word' id='word_1_299' title='bbox 1229 2576 1420 2632; x_wconf 82' lang='lat' dir='ltr'>Angliae,</span> <span class='ocrx_word' id='word_1_300' title='bbox 1443 2577 1487 2617; x_wconf 89' lang='lat' dir='ltr'>in</span> <span class='ocrx_word' id='word_1_301' title='bbox 1507 2582 1707 2629; x_wconf 89' lang='lat' dir='ltr'>tempore</span> <span class='ocrx_word' id='word_1_302' title='bbox 1737 2576 1918 2618; x_wconf 87' lang='lat' dir='ltr'>Henrici</span> <span class='ocrx_word' id='word_1_303' title='bbox 1939 2574 2081 2624; x_wconf 86' lang='lat' dir='ltr'>Sexti,</span> <span class='ocrx_word' id='word_1_304' title='bbox 2108 2574 2222 2615; x_wconf 91' lang='lat' dir='ltr'>mul-</span> 
     </span>
     <span class='ocr_line' id='line_1_31' title="bbox 419 2654 2221 2712; baseline -0.002 -13"><span class='ocrx_word' id='word_1_305' title='bbox 419 2658 639 2712; x_wconf 86' lang='lat' dir='ltr'>tiplicibus</span> <span class='ocrx_word' id='word_1_306' title='bbox 659 2658 852 2712; x_wconf 86' lang='lat' dir='ltr'>peccatis</span> <span class='ocrx_word' id='word_1_307' title='bbox 882 2657 963 2698; x_wconf 88' lang='lat' dir='ltr'>fuit</span> <span class='ocrx_word' id='word_1_308' title='bbox 988 2658 1188 2709; x_wconf 86' lang='lat' dir='ltr'>divisum,</span> <span class='ocrx_word' id='word_1_309' title='bbox 1209 2664 1305 2699; x_wconf 89' lang='lat' dir='ltr'>tum</span> <span class='ocrx_word' id='word_1_310' title='bbox 1330 2662 1511 2711; x_wconf 89' lang='lat' dir='ltr'>propter</span> <span class='ocrx_word' id='word_1_311' title='bbox 1535 2663 1715 2710; x_wconf 85' lang='lat' dir='ltr'>peccata</span> <span class='ocrx_word' id='word_1_312' title='bbox 1741 2657 1935 2711; x_wconf 88' lang='lat' dir='ltr'>capitum</span> <span class='ocrx_word' id='word_1_313' title='bbox 1958 2660 2002 2696; x_wconf 88' lang='lat' dir='ltr'>et</span> <span class='ocrx_word' id='word_1_314' title='bbox 2022 2654 2221 2697; x_wconf 88' lang='lat' dir='ltr'>subdito-</span> 
     </span>
     <span class='ocr_line' id='line_1_32' title="bbox 420 2735 2222 2792; baseline -0.001 -15"><span class='ocrx_word' id='word_1_315' title='bbox 420 2751 528 2789; x_wconf 87' lang='lat' dir='ltr'>rum,</span> <span class='ocrx_word' id='word_1_316' title='bbox 549 2745 644 2779; x_wconf 92' lang='lat' dir='ltr'>tum</span> <span class='ocrx_word' id='word_1_317' title='bbox 669 2745 847 2792; x_wconf 90' lang='lat' dir='ltr'>propter</span> <span class='ocrx_word' id='word_1_318' title='bbox 874 2737 1190 2779; x_wconf 90' lang='lat' dir='ltr'>alienacionem</span> <span class='ocrx_word' id='word_1_319' title='bbox 1219 2736 1526 2791; x_wconf 87' lang='lat' dir='ltr'>temporalium</span> <span class='ocrx_word' id='word_1_320' title='bbox 1553 2736 1768 2777; x_wconf 90' lang='lat' dir='ltr'>bonorum</span> <span class='ocrx_word' id='word_1_321' title='bbox 1790 2742 1835 2777; x_wconf 90' lang='lat' dir='ltr'>et</span> <span class='ocrx_word' id='word_1_322' title='bbox 1859 2735 1993 2777; x_wconf 86' lang='lat' dir='ltr'>annui</span> <span class='ocrx_word' id='word_1_323' title='bbox 2023 2735 2222 2776; x_wconf 89' lang='lat' dir='ltr'>redditus</span> 
     </span>
     <span class='ocr_line' id='line_1_33' title="bbox 420 2814 2220 2873; baseline -0.002 -15"><span class='ocrx_word' id='word_1_324' title='bbox 420 2820 509 2871; x_wconf 84' lang='lat' dir='ltr'>regi</span> <span class='ocrx_word' id='word_1_325' title='bbox 543 2818 722 2873; x_wconf 81' lang='lat' dir='ltr'>Angliae</span> <span class='ocrx_word' id='word_1_326' title='bbox 757 2826 800 2861; x_wconf 88' lang='lat' dir='ltr'>et</span> <span class='ocrx_word' id='word_1_327' title='bbox 834 2832 1006 2861; x_wconf 82' lang='lat' dir='ltr'>coronae</span> <span class='ocrx_word' id='word_1_328' title='bbox 1038 2817 1131 2872; x_wconf 87' lang='lat' dir='ltr'>ejus</span> <span class='ocrx_word' id='word_1_329' title='bbox 1165 2817 1508 2871; x_wconf 82' lang='lat' dir='ltr'>pertinencium3</span> <span class='ocrx_word' id='word_1_330' title='bbox 1546 2823 1589 2859; x_wconf 86' lang='lat' dir='ltr'>et</span> <span class='ocrx_word' id='word_1_331' title='bbox 1626 2818 1803 2870; x_wconf 89' lang='lat' dir='ltr'>quando</span> <span class='ocrx_word' id='word_1_332' title='bbox 1835 2816 2099 2870; x_wconf 86' lang='lat' dir='ltr'>Margareta,</span> <span class='ocrx_word' id='word_1_333' title='bbox 2132 2814 2220 2856; x_wconf 86' lang='lat' dir='ltr'>filia</span> 
     </span>
    </p>
   </div>
  </div>
 </body>
</html>
