2456 3210
711 330 844 367 LOCI
877 330 918 365 E
954 329 1122 365 LIBRO
1169 328 1516 365 VERITATUM.
1940 322 2017 364 181

328 481 377 526 [p.
405 481 501 524 43²]
572 473 872 516 Consimiliter
910 472 1110 515 Thomas
1157 472 1376 522 Arundel‚
1420 471 1774 527 archiepiscopus
1825 470 2022 515 Cantua·

215 556 368 599 riensis
402 557 478 610 qui
512 555 596 597 fuit
626 556 671 597 in
704 555 846 610 gradu
881 554 1114 596 scolastico
1147 553 1340 596 Oxoniae
1374 553 1636 596 bacallarius
1669 553 1856 595 Arcium
1892 553 2022 595 liber-

213 637 361 687 alium,
399 638 444 678 in
483 636 669 679 concilio
706 635 974 690 provinciale
1015 635 1344 677 Cantuariensis
1384 634 1631 688 provinciae,
1664 648 1766 676 cum
1805 647 2020 676 consensu

214 717 415 771 ejusdem
449 716 780 759 convocacionis
819 715 1100 770 provincialis
1137 714 1479 766 Cantuariensis,
1510 715 1616 756 fecit
1656 715 2021 757 constitucionem

214 797 539 852 provincialem,
569 797 691 851 quod
731 795 887 845 nullus,
919 809 1008 837 non
1043 795 1354 850 privilegiatus,
1387 809 1469 837 nec
1498 809 1526 836 a
1551 794 1649 848 jure
1683 795 1909 836 communi
1943 795 2022 836 ad-

216 879 387 928 missus,
416 877 675 931 praedicaret
705 876 750 917 in
780 876 930 930 aliquo
959 876 1059 918 loco
1090 875 1419 918 Cantuariensis
1447 875 1695 929 provinciae,
1727 875 1811 916 nisi
1839 875 2023 916 haberet

214 957 443 1000 licenciam
474 957 541 998 sui
573 957 765 1010 episcopi
799 956 1022 998 diocesani
1058 957 1268 1010 scriptam
1299 961 1346 997 et
1376 954 1519 1010 sigillo
1551 955 1745 1009 episcopi
1773 955 2021 1010 signatam3

217 1046 264 1080 et
298 1044 455 1092 postea
488 1038 625 1079 verbo
660 1038 746 1079 Dei
782 1038 844 1079 sic
882 1037 1034 1092 ligato,
1069 1043 1116 1078 et
1154 1036 1352 1091 pluribus
1392 1036 1522 1077 malis
1556 1050 1616 1077 ex
1649 1036 1734 1078 hoc
1774 1035 1819 1077 in
1853 1035 2023 1090 Anglia

218 1118 531 1173 multiplicatis,
570 1117 765 1172 episcopi
806 1118 932 1172 quasi
972 1117 1117 1159 nullos
1161 1117 1220 1158 ad
1263 1117 1595 1171 praedicandum
1635 1116 1859 1168 miserunt,
1900 1122 1946 1158 et
1985 1117 2022 1158 si

216 1213 329 1254 quos
358 1213 439 1253 per
466 1198 727 1240 instanciam
762 1198 1024 1240 secularium
1055 1198 1247 1239 virorum
1281 1197 1568 1246 admiserunt,
1599 1211 1783 1251 magnas
1815 1198 2024 1251 pecunias

217 1293 299 1334 pro
337 1279 427 1320 suis
459 1279 617 1320 litteris
650 1286 696 1321 et
730 1278 876 1333 sigillo
910 1279 1155 1332 exigerunt,
1188 1284 1235 1319 et
1274 1283 1543 1331 receperunt,
1578 1283 1623 1318 et
1663 1277 1831 1319 dabant
1870 1278 2023 1332 paucis

216 1359 459 1410 licenciam,
488 1364 534 1400 et
567 1365 741 1401 tantum
772 1373 873 1400 cum
908 1359 991 1400 hac
1027 1358 1232 1409 clausula,
1261 1358 1496 1411 ‘quamdiu
1527 1357 1655 1399 nobis
1685 1357 1901 1411 placuerit
1915 1356 1942 1409 ;'
1978 1366 2024 1400 et

217 1441 282 1481 sic
314 1439 449 1481 verbo
479 1439 566 1480 Dei
599 1445 705 1481 tunc
740 1440 802 1481 sic
831 1439 1025 1493 alligato,
1056 1439 1175 1480 idem
1209 1437 1564 1493 archiepiscopus
1593 1437 1796 1479 Arundel
1827 1439 1890 1480 ita
1924 1453 2024 1493 per-

218 1533 370 1561 cussus
401 1519 446 1560 in
476 1525 656 1574 gutture
686 1519 780 1570 fuit,
812 1519 931 1572 quod
968 1532 1196 1572 nunquam
1228 1532 1368 1572 usque
1402 1519 1460 1559 ad
1494 1525 1684 1560 mortem
1713 1533 1840 1560 suam
1876 1520 2023 1573 potuit

219 1599 438 1653 deglutire
478 1613 558 1641 nec
591 1599 725 1653 loqui,
761 1606 806 1640 et
845 1600 918 1649 sic,
948 1600 1021 1653 qui
1057 1599 1241 1640 verbum
1276 1599 1363 1640 Dei
1398 1598 1548 1653 lingua
1586 1613 1667 1640 sua
1705 1601 1947 1654 suspendit,
1980 1601 2023 1641 in

221 1679 371 1734 lingua
407 1693 490 1721 sua
527 1679 689 1734 ligatus
726 1679 811 1721 fuit
849 1679 1028 1733 quando
1068 1678 1190 1732 loqui
1231 1679 1429 1720 maxime
1467 1686 1572 1721 ante
1611 1687 1800 1721 mortem
1838 1682 2023 1734 optavit.

221 1760 376 1802 Homo
408 1760 526 1802 enim
561 1774 650 1802 non
681 1760 927 1814 imponeret
958 1759 1181 1801 silentium
1212 1759 1417 1801 omnibus
1447 1760 1700 1801 doctoribus
1728 1767 1774 1802 et
1805 1761 2023 1817 episcopis

219 1854 273 1882 eo
302 1841 423 1894 quod
452 1840 600 1894 plures
628 1841 686 1881 de
714 1841 911 1894 utrisque
940 1840 1132 1881 haeretici
1162 1839 1336 1880 fuerunt

336 1926 388 1970 [p.
417 1926 513 1970 437]
574 1919 882 1972 Consimiliter,
911 1921 1115 1973 doctores
1145 1927 1191 1970 et
1223 1921 1416 1975 episcopi
1450 1920 1556 1962 boni
1590 1921 1786 1963 dicerent
1821 1929 1867 1965 et
1911 1937 2023 1977 prae-

221 2001 419 2043 dicarent
461 2001 636 2056 regibus
676 2007 723 2042 et
760 2002 952 2043 dominis
998 2001 1245 2051 mundanis,
1286 2007 1337 2042 ut
1381 2002 1654 2044 dimitterent
1702 2003 1934 2057 episcopos
1978 2011 2024 2046 et

223 2083 413 2119 rectores
443 2083 490 2119 et
521 2077 708 2119 vicarios
737 2092 765 2120 a
799 2079 929 2120 curiis
959 2078 1063 2127 suis,
1098 2084 1149 2119 ut
1182 2084 1300 2120 recte
1331 2078 1624 2121 sacrificarent
1658 2080 1741 2133 ipsi
1777 2087 1822 2121 et
1856 2080 2022 2122 subditi

223 2171 378 2199 eorum
417 2156 624 2200 Domino.
701 2158 843 2201 Recte
878 2159 996 2200 enim
1031 2158 1334 2210 sacrificarent,
1363 2159 1401 2200 si
1430 2174 1565 2214 opera
1594 2173 1708 2202 curae
1739 2174 1830 2201 suae
1860 2160 2022 2211 debita,

223 2237 464 2279 residentes
493 2236 607 2279 inter
638 2239 840 2281 subditos
874 2254 989 2289 suos,
1021 2239 1241 2290 facerent;
1286 2240 1399 2294 perit
1439 2241 1557 2282 enim
1592 2240 1786 2289 ecclesia,
1821 2241 1925 2294 quia
1956 2241 2022 2281 in-

224 2317 348 2371 digni
386 2323 491 2359 sunt
527 2319 716 2361 ordinati
758 2321 803 2361 in
843 2327 1046 2374 pastores
1090 2326 1136 2362 et
1174 2320 1403 2362 officiarios
1442 2322 1650 2372 ecclesiae,
1689 2328 1734 2362 et
1774 2321 1877 2374 quia
1917 2322 2022 2362 boni

224 2398 418 2451 episcopi
454 2403 500 2439 et
531 2400 669 2441 curati
704 2414 791 2442 non
827 2401 1019 2453 resident
1053 2414 1155 2442 cum
1189 2401 1391 2444 subditis.
1448 2402 1531 2443 Vae
1566 2402 1651 2443 hiis
1683 2401 1757 2454 qui
1792 2400 2023 2443 conferunt

225 2477 431 2519 ecclesias
470 2483 516 2519 et
554 2478 696 2532 officia
734 2480 876 2531 alicui,
910 2496 999 2523 non
1034 2481 1266 2523 intendens
1298 2482 1595 2537 principaliter
1625 2488 1674 2533 ut
1706 2495 1840 2535 opera
1870 2481 2022 2523 debita

226 2570 374 2598 coram
405 2557 505 2598 Deo
538 2564 656 2600 recte
689 2560 885 2614 perficiat
918 2562 964 2603 in
998 2562 1157 2616 seipso,
1189 2569 1235 2603 et
1265 2562 1310 2603 in
1342 2562 1451 2613 aliis,
1482 2570 1548 2605 set
1580 2570 1629 2604 ut
1664 2563 1829 2604 ditetur
1863 2569 1909 2603 et
1940 2562 2022 2602 im-

226 2637 463 2691 pinguetur
491 2636 669 2690 deliciis,
691 2623 742 2682 ‘et
769 2642 889 2694 quod
918 2642 1127 2684 dilatetur
1155 2642 1394 2684 honoribus
1424 2644 1668 2690 mundanis,
1695 2648 1741 2683 et
1770 2642 1890 2695 quod
1920 2655 2020 2695 pro-

228 2722 375 2757 motus
413 2715 574 2758 serviat
611 2716 668 2758 de
706 2717 834 2761 bonis
874 2721 1069 2763 ecclesiae
1111 2721 1172 2762 illi
1212 2722 1288 2775 qui
1327 2722 1565 2776 adquisivit
1606 2723 1645 2762 ei
1684 2721 1914 2763 ecclesiam
1949 2722 2021 2763 vel

227 2796 430 2847 officium,
454 2802 500 2838 et
528 2797 590 2838 sic
612 2798 707 2852 jam
734 2799 929 2843 ecclesiae
958 2809 1003 2844 et
1033 2802 1310 2856 episcopatus
1339 2810 1442 2844 sunt
1466 2802 1698 2857 pensiones
1726 2807 1771 2842 et
1798 2802 2021 2843 mercedes

226 2890 451 2918 servorum
492 2891 644 2931 regum
685 2884 730 2920 et
769 2880 1047 2924 dominorum
1088 2883 1424 2925 mundanorum.
1485 2883 1607 2924 Talis
1643 2888 1710 2923 est
1750 2881 2020 2934 maledictus,
