<?xml version="1.0" encoding="UTF-8"?>
<!DOCTYPE html PUBLIC "-//W3C//DTD XHTML 1.0 Transitional//EN"
    "http://www.w3.org/TR/xhtml1/DTD/xhtml1-transitional.dtd">
<html xmlns="http://www.w3.org/1999/xhtml" xml:lang="en" lang="en">
 <head>
  <title>
</title>
<meta http-equiv="Content-Type" content="text/html;charset=utf-8" />
  <meta name='ocr-system' content='tesseract 3.04.00' />
  <meta name='ocr-capabilities' content='ocr_page ocr_carea ocr_par ocr_line ocrx_word'/>
</head>
<body>
  <div class='ocr_page' id='page_1' title='image "./locielibroverita00gascuoft_0150.png"; bbox 0 0 2456 3210; ppageno 0'>
   <div class='ocr_carea' id='block_1_1' title="bbox 402 202 1702 256">
    <p class='ocr_par' dir='ltr' id='par_1_1' title="bbox 402 202 1702 256">
     <span class='ocr_line' id='line_1_1' title="bbox 402 202 1702 256; baseline 0.002 -14"><span class='ocrx_word' id='word_1_1' title='bbox 402 202 456 254; x_wconf 90' lang='lat'>48</span> <span class='ocrx_word' id='word_1_2' title='bbox 732 255 735 256; x_wconf 12' lang='grc'><em>7</em></span> <span class='ocrx_word' id='word_1_3' title='bbox 904 209 1034 244; x_wconf 84' lang='lat' dir='ltr'><em>LOCI</em></span> <span class='ocrx_word' id='word_1_4' title='bbox 1069 209 1107 243; x_wconf 90' lang='lat' dir='ltr'><em>E</em></span> <span class='ocrx_word' id='word_1_5' title='bbox 1146 209 1312 243; x_wconf 79' lang='lat' dir='ltr'><em>LIBRO</em></span> <span class='ocrx_word' id='word_1_6' title='bbox 1358 209 1702 244; x_wconf 80' lang='lat' dir='ltr'><em>VERITATUM.</em></span> 
     </span>
    </p>
   </div>
   <div class='ocr_carea' id='block_1_2' title="bbox 367 327 2250 2817">
    <p class='ocr_par' dir='ltr' id='par_1_2' title="bbox 367 327 2250 1774">
     <span class='ocr_line' id='line_1_2' title="bbox 405 327 2202 406; baseline 0 -13"><span class='ocrx_word' id='word_1_7' title='bbox 405 353 486 394; x_wconf 87' lang='lat' dir='ltr'>suit</span> <span class='ocrx_word' id='word_1_8' title='bbox 532 366 618 394; x_wconf 92' lang='lat' dir='ltr'>non</span> <span class='ocrx_word' id='word_1_9' title='bbox 660 353 799 394; x_wconf 90' lang='lat' dir='ltr'>sciens</span> <span class='ocrx_word' id='word_1_10' title='bbox 841 353 1029 405; x_wconf 90' lang='lat' dir='ltr'>scienda,</span> <span class='ocrx_word' id='word_1_11' title='bbox 1067 366 1145 394; x_wconf 93' lang='lat' dir='ltr'>nec</span> <span class='ocrx_word' id='word_1_12' title='bbox 1185 352 1426 406; x_wconf 84' lang='lat' dir='ltr'>graduatus</span> <span class='ocrx_word' id='word_1_13' title='bbox 1466 351 1614 406; x_wconf 88' lang='lat' dir='ltr'>aliquo</span> <span class='ocrx_word' id='word_1_14' title='bbox 1653 352 1792 406; x_wconf 85' lang='lat' dir='ltr'>gradu</span> <span class='ocrx_word' id='word_1_15' title='bbox 1836 327 2202 402; x_wconf 60' lang='lat' dir='ltr'>in⁸universitate,</span> 
     </span>
     <span class='ocr_line' id='line_1_3' title="bbox 404 432 2204 495; baseline 0 -21"><span class='ocrx_word' id='word_1_16' title='bbox 404 434 479 487; x_wconf 92' lang='lat' dir='ltr'>qui</span> <span class='ocrx_word' id='word_1_17' title='bbox 510 433 641 475; x_wconf 92' lang='lat' dir='ltr'>valde</span> <span class='ocrx_word' id='word_1_18' title='bbox 676 434 860 487; x_wconf 86' lang='lat' dir='ltr'>cupidus</span> <span class='ocrx_word' id='word_1_19' title='bbox 896 439 940 475; x_wconf 89' lang='lat' dir='ltr'>et</span> <span class='ocrx_word' id='word_1_20' title='bbox 976 433 1188 488; x_wconf 90' lang='lat' dir='ltr'>insipidus</span> <span class='ocrx_word' id='word_1_21' title='bbox 1225 432 1524 487; x_wconf 87' lang='lat' dir='ltr'>reputabatur.</span> <span class='ocrx_word' id='word_1_22' title='bbox 1586 432 1646 473; x_wconf 90' lang='lat' dir='ltr'>Et</span> <span class='ocrx_word' id='word_1_23' title='bbox 1680 433 1783 486; x_wconf 87' lang='lat' dir='ltr'>quia</span> <span class='ocrx_word' id='word_1_24' title='bbox 1819 432 1999 475; x_wconf 87' lang='lat' dir='ltr'>ecclesia</span> <span class='ocrx_word' id='word_1_25' title='bbox 2035 433 2204 495; x_wconf 76' lang='lat' dir='ltr'>Ebora-</span> 
     </span>
     <span class='ocr_line' id='line_1_4' title="bbox 404 502 2206 568; baseline 0 -14"><span class='ocrx_word' id='word_1_26' title='bbox 404 514 545 555; x_wconf 85' lang='lat' dir='ltr'>censis</span> <span class='ocrx_word' id='word_1_27' title='bbox 576 527 664 555; x_wconf 91' lang='lat' dir='ltr'>non</span> <span class='ocrx_word' id='word_1_28' title='bbox 688 514 827 556; x_wconf 88' lang='lat' dir='ltr'>voluit</span> <span class='ocrx_word' id='word_1_29' title='bbox 861 514 1051 568; x_wconf 88' lang='lat' dir='ltr'>recipere</span> <span class='ocrx_word' id='word_1_30' title='bbox 1082 514 1125 554; x_wconf 91' lang='lat' dir='ltr'>in</span> <span class='ocrx_word' id='word_1_31' title='bbox 1157 527 1284 555; x_wconf 89' lang='lat' dir='ltr'>suum</span> <span class='ocrx_word' id='word_1_32' title='bbox 1315 513 1530 555; x_wconf 86' lang='lat' dir='ltr'>decanum</span> <span class='ocrx_word' id='word_1_33' title='bbox 1561 502 1821 567; x_wconf 73' lang='lat' dir='ltr'>praedictum</span> <span class='ocrx_word' id='word_1_34' title='bbox 1854 502 2093 555; x_wconf 77' lang='lat' dir='ltr'>Ricardum</span> <span class='ocrx_word' id='word_1_35' title='bbox 2127 526 2206 567; x_wconf 87' lang='lat' dir='ltr'>per</span> 
     </span>
     <span class='ocr_line' id='line_1_5' title="bbox 404 582 2202 648; baseline 0 -13"><span class='ocrx_word' id='word_1_36' title='bbox 404 607 566 648; x_wconf 85' lang='lat' dir='ltr'>papam</span> <span class='ocrx_word' id='word_1_37' title='bbox 598 595 830 648; x_wconf 84' lang='lat' dir='ltr'>provisum,</span> <span class='ocrx_word' id='word_1_38' title='bbox 861 595 937 636; x_wconf 90' lang='lat' dir='ltr'>sed</span> <span class='ocrx_word' id='word_1_39' title='bbox 970 594 1240 635; x_wconf 88' lang='lat' dir='ltr'>Willelmum</span> <span class='ocrx_word' id='word_1_40' title='bbox 1275 592 1587 647; x_wconf 82' lang='lat' dir='ltr'>B&#39;ernyngham</span> <span class='ocrx_word' id='word_1_41' title='bbox 1618 606 1697 646; x_wconf 82' lang='lat' dir='ltr'>per</span> <span class='ocrx_word' id='word_1_42' title='bbox 1727 593 1969 647; x_wconf 78' lang='lat' dir='ltr'>capitulum</span> <span class='ocrx_word' id='word_1_43' title='bbox 1999 582 2202 641; x_wconf 82' lang='lat' dir='ltr'>electum,</span> 
     </span>
     <span class='ocr_line' id='line_1_6' title="bbox 405 672 2204 729; baseline 0 -14"><span class='ocrx_word' id='word_1_44' title='bbox 405 674 504 716; x_wconf 88' lang='lat' dir='ltr'>ideo</span> <span class='ocrx_word' id='word_1_45' title='bbox 545 675 780 728; x_wconf 83' lang='lat' dir='ltr'>praedictus</span> <span class='ocrx_word' id='word_1_46' title='bbox 812 675 1027 716; x_wconf 89' lang='lat' dir='ltr'>Ricardus</span> <span class='ocrx_word' id='word_1_47' title='bbox 1063 689 1142 729; x_wconf 91' lang='lat' dir='ltr'>per</span> <span class='ocrx_word' id='word_1_48' title='bbox 1181 675 1386 729; x_wconf 85' lang='lat' dir='ltr'>pecunias</span> <span class='ocrx_word' id='word_1_49' title='bbox 1418 672 1610 714; x_wconf 85' lang='lat' dir='ltr'>Romam</span> <span class='ocrx_word' id='word_1_50' title='bbox 1636 673 1797 718; x_wconf 28' lang='lat' dir='ltr'>,missas</span> <span class='ocrx_word' id='word_1_51' title='bbox 1836 674 2026 728; x_wconf 87' lang='lat' dir='ltr'><strong>optinuit</strong></span> <span class='ocrx_word' id='word_1_52' title='bbox 2066 673 2204 716; x_wconf 86' lang='lat' dir='ltr'>eccle·</span> 
     </span>
     <span class='ocr_line' id='line_1_7' title="bbox 404 753 2204 809; baseline -0.001 -13"><span class='ocrx_word' id='word_1_53' title='bbox 404 755 513 797; x_wconf 84' lang='lat' dir='ltr'>siam</span> <span class='ocrx_word' id='word_1_54' title='bbox 537 755 861 798; x_wconf 88' lang='lat' dir='ltr'>Eboracensem</span> <span class='ocrx_word' id='word_1_55' title='bbox 891 755 1186 798; x_wconf 81' lang='lat' dir='ltr'>cathedralem</span> <span class='ocrx_word' id='word_1_56' title='bbox 1215 769 1294 809; x_wconf 90' lang='lat' dir='ltr'>per</span> <span class='ocrx_word' id='word_1_57' title='bbox 1323 754 1469 808; x_wconf 89' lang='lat' dir='ltr'>plures</span> <span class='ocrx_word' id='word_1_58' title='bbox 1499 754 1766 808; x_wconf 90' lang='lat' dir='ltr'>septimanas</span> <span class='ocrx_word' id='word_1_59' title='bbox 1796 767 1822 795; x_wconf 88' lang='lat' dir='ltr'>a</span> <span class='ocrx_word' id='word_1_60' title='bbox 1850 767 1965 809; x_wconf 90' lang='lat' dir='ltr'>papa</span> <span class='ocrx_word' id='word_1_61' title='bbox 1988 753 2204 796; x_wconf 89' lang='lat' dir='ltr'>Nicholao</span> 
     </span>
     <span class='ocr_line' id='line_1_8' title="bbox 404 834 2227 890; baseline -0.001 -14"><span class='ocrx_word' id='word_1_62' title='bbox 404 836 557 890; x_wconf 88' lang='lat' dir='ltr'>quinto</span> <span class='ocrx_word' id='word_1_63' title='bbox 598 837 805 890; x_wconf 84' lang='lat' dir='ltr'>suspendi</span> <span class='ocrx_word' id='word_1_64' title='bbox 846 851 873 878; x_wconf 89' lang='lat' dir='ltr'>a</span> <span class='ocrx_word' id='word_1_65' title='bbox 909 836 1065 878; x_wconf 90' lang='lat' dir='ltr'>divinis</span> <span class='ocrx_word' id='word_1_66' title='bbox 1105 836 1308 877; x_wconf 90' lang='lat' dir='ltr'>omnibus</span> <span class='ocrx_word' id='word_1_67' title='bbox 1348 835 1510 885; x_wconf 89' lang='lat' dir='ltr'>officiis,</span> <span class='ocrx_word' id='word_1_68' title='bbox 1550 841 1594 875; x_wconf 86' lang='lat' dir='ltr'>et</span> <span class='ocrx_word' id='word_1_69' title='bbox 1641 848 1794 876; x_wconf 90' lang='lat' dir='ltr'>omnes</span> <span class='ocrx_word' id='word_1_70' title='bbox 1841 834 1934 888; x_wconf 87' lang='lat' dir='ltr'>ejus</span> <span class='ocrx_word' id='word_1_71' title='bbox 1984 835 2227 876; x_wconf 15' lang='lat' dir='ltr'>ministros*</span> 
     </span>
     <span class='ocr_line' id='line_1_9' title="bbox 405 915 2204 970; baseline 0 -13"><span class='ocrx_word' id='word_1_72' title='bbox 405 917 789 968; x_wconf 87' lang='lat' dir='ltr'>excommunicari,</span> <span class='ocrx_word' id='word_1_73' title='bbox 821 923 864 958; x_wconf 88' lang='lat' dir='ltr'>et</span> <span class='ocrx_word' id='word_1_74' title='bbox 895 917 955 958; x_wconf 91' lang='lat' dir='ltr'>sic</span> <span class='ocrx_word' id='word_1_75' title='bbox 986 916 1151 958; x_wconf 85' lang='lat' dir='ltr'>factum</span> <span class='ocrx_word' id='word_1_76' title='bbox 1187 916 1270 958; x_wconf 84' lang='lat' dir='ltr'>fuit</span> <span class='ocrx_word' id='word_1_77' title='bbox 1305 930 1383 970; x_wconf 89' lang='lat' dir='ltr'>per</span> <span class='ocrx_word' id='word_1_78' title='bbox 1417 915 1684 957; x_wconf 86' lang='lat' dir='ltr'>sentenciam</span> <span class='ocrx_word' id='word_1_79' title='bbox 1720 915 1998 956; x_wconf 86' lang='lat' dir='ltr'>soli—Deus</span> <span class='ocrx_word' id='word_1_80' title='bbox 2034 916 2115 957; x_wconf 90' lang='lat' dir='ltr'>scit</span> <span class='ocrx_word' id='word_1_81' title='bbox 2147 929 2204 957; x_wconf 88' lang='lat' dir='ltr'>an</span> 
     </span>
     <span class='ocr_line' id='line_1_10' title="bbox 404 995 2203 1051; baseline -0.001 -14"><span class='ocrx_word' id='word_1_82' title='bbox 404 997 626 1039; x_wconf 90' lang='lat' dir='ltr'>sentencia</span> <span class='ocrx_word' id='word_1_83' title='bbox 653 997 744 1051; x_wconf 92' lang='lat' dir='ltr'>poli</span> <span class='ocrx_word' id='word_1_84' title='bbox 773 1011 848 1038; x_wconf 93' lang='lat' dir='ltr'>seu</span> <span class='ocrx_word' id='word_1_85' title='bbox 878 997 1114 1048; x_wconf 80' lang='lat' dir='ltr'>coe1i3—-et</span> <span class='ocrx_word' id='word_1_86' title='bbox 1147 996 1208 1038; x_wconf 91' lang='lat' dir='ltr'>sic</span> <span class='ocrx_word' id='word_1_87' title='bbox 1240 1002 1462 1051; x_wconf 86' lang='lat' dir='ltr'>ponuntur</span> <span class='ocrx_word' id='word_1_88' title='bbox 1489 996 1533 1036; x_wconf 91' lang='lat' dir='ltr'>in</span> <span class='ocrx_word' id='word_1_89' title='bbox 1561 996 1742 1037; x_wconf 88' lang='lat' dir='ltr'>ecclesia</span> <span class='ocrx_word' id='word_1_90' title='bbox 1768 1001 1812 1037; x_wconf 89' lang='lat' dir='ltr'>et</span> <span class='ocrx_word' id='word_1_91' title='bbox 1843 996 1887 1036; x_wconf 90' lang='lat' dir='ltr'>in</span> <span class='ocrx_word' id='word_1_92' title='bbox 1918 995 2084 1050; x_wconf 92' lang='lat' dir='ltr'>populo</span> <span class='ocrx_word' id='word_1_93' title='bbox 2117 995 2203 1037; x_wconf 90' lang='lat' dir='ltr'>Dei</span> 
     </span>
     <span class='ocr_line' id='line_1_11' title="bbox 367 1076 2204 1132; baseline 0 -14"><span class='ocrx_word' id='word_1_94' title='bbox 367 1077 369 1081; x_wconf 86' lang='grc'><strong>’</strong></span> <span class='ocrx_word' id='word_1_95' title='bbox 404 1077 583 1119; x_wconf 83' lang='lat' dir='ltr'>festucae</span> <span class='ocrx_word' id='word_1_96' title='bbox 625 1092 713 1119; x_wconf 89' lang='lat' dir='ltr'>non</span> <span class='ocrx_word' id='word_1_97' title='bbox 754 1077 1011 1131; x_wconf 78' lang='lat' dir='ltr'>columpnae,</span> <span class='ocrx_word' id='word_1_98' title='bbox 1057 1078 1082 1118; x_wconf 88' lang='lat' dir='ltr'>i.</span> <span class='ocrx_word' id='word_1_99' title='bbox 1101 1091 1136 1119; x_wconf 91' lang='lat' dir='ltr'>e.</span> <span class='ocrx_word' id='word_1_100' title='bbox 1177 1077 1299 1132; x_wconf 88' lang='lat' dir='ltr'>pueri</span> <span class='ocrx_word' id='word_1_101' title='bbox 1341 1076 1567 1123; x_wconf 88' lang='lat' dir='ltr'>inhabiles,</span> <span class='ocrx_word' id='word_1_102' title='bbox 1610 1081 1653 1117; x_wconf 89' lang='lat' dir='ltr'>et</span> <span class='ocrx_word' id='word_1_103' title='bbox 1689 1076 1856 1127; x_wconf 88' lang='lat' dir='ltr'>ribaldi,</span> <span class='ocrx_word' id='word_1_104' title='bbox 1889 1082 1933 1118; x_wconf 86' lang='lat' dir='ltr'>et</span> <span class='ocrx_word' id='word_1_105' title='bbox 1967 1076 2127 1127; x_wconf 88' lang='lat' dir='ltr'>viciosi,</span> <span class='ocrx_word' id='word_1_106' title='bbox 2159 1081 2204 1118; x_wconf 79' lang='lat' dir='ltr'>et&#39;</span> 
     </span>
     <span class='ocr_line' id='line_1_12' title="bbox 404 1154 2250 1213; baseline 0 -15"><span class='ocrx_word' id='word_1_107' title='bbox 404 1158 635 1200; x_wconf 89' lang='lat' dir='ltr'>inscientes</span> <span class='ocrx_word' id='word_1_108' title='bbox 665 1172 799 1213; x_wconf 89' lang='lat' dir='ltr'>opera</span> <span class='ocrx_word' id='word_1_109' title='bbox 830 1172 909 1212; x_wconf 88' lang='lat' dir='ltr'>pro</span> <span class='ocrx_word' id='word_1_110' title='bbox 932 1158 1032 1199; x_wconf 94' lang='lat' dir='ltr'>Deo</span> <span class='ocrx_word' id='word_1_111' title='bbox 1061 1158 1217 1207; x_wconf 86' lang='lat' dir='ltr'>fienda,</span> <span class='ocrx_word' id='word_1_112' title='bbox 1239 1158 1391 1212; x_wconf 88' lang='lat' dir='ltr'>quales</span> <span class='ocrx_word' id='word_1_113' title='bbox 1423 1156 1648 1198; x_wconf 87' lang='lat' dir='ltr'>constituit</span> <span class='ocrx_word' id='word_1_114' title='bbox 1680 1170 1758 1197; x_wconf 88' lang='lat' dir='ltr'>rex</span> <span class='ocrx_word' id='word_1_115' title='bbox 1782 1154 1918 1198; x_wconf 88' lang='lat' dir='ltr'>Israel</span> <span class='ocrx_word' id='word_1_116' title='bbox 1946 1156 2204 1199; x_wconf 88' lang='lat' dir='ltr'>maledictus</span> <span class='ocrx_word' id='word_1_117' title='bbox 2243 1208 2250 1212; x_wconf 56' lang='lat'><em>„</em></span> 
     </span>
     <span class='ocr_line' id='line_1_13' title="bbox 403 1236 2203 1292; baseline -0.001 -13"><span class='ocrx_word' id='word_1_118' title='bbox 403 1252 429 1279; x_wconf 86' lang='lat' dir='ltr'>a</span> <span class='ocrx_word' id='word_1_119' title='bbox 461 1239 560 1280; x_wconf 93' lang='lat' dir='ltr'>Deo</span> <span class='ocrx_word' id='word_1_120' title='bbox 589 1239 839 1292; x_wconf 82' lang='lat' dir='ltr'>Jeroboam,</span> <span class='ocrx_word' id='word_1_121' title='bbox 873 1245 917 1281; x_wconf 89' lang='lat' dir='ltr'>et</span> <span class='ocrx_word' id='word_1_122' title='bbox 948 1238 1209 1292; x_wconf 89' lang='lat' dir='ltr'>dejiciuntur</span> <span class='ocrx_word' id='word_1_123' title='bbox 1241 1238 1296 1279; x_wconf 85' lang='lat' dir='ltr'>ab</span> <span class='ocrx_word' id='word_1_124' title='bbox 1330 1237 1521 1279; x_wconf 90' lang='lat' dir='ltr'>ecclesiis</span> <span class='ocrx_word' id='word_1_125' title='bbox 1554 1243 1598 1278; x_wconf 90' lang='lat' dir='ltr'>et</span> <span class='ocrx_word' id='word_1_126' title='bbox 1634 1236 1798 1287; x_wconf 67' lang='lat' dir='ltr'>officiis,</span> <span class='ocrx_word' id='word_1_127' title='bbox 1835 1237 1909 1290; x_wconf 89' lang='lat' dir='ltr'>qui</span> <span class='ocrx_word' id='word_1_128' title='bbox 1945 1237 2086 1279; x_wconf 88' lang='lat' dir='ltr'>sciunt</span> <span class='ocrx_word' id='word_1_129' title='bbox 2118 1237 2203 1278; x_wconf 94' lang='lat' dir='ltr'>Dei</span> 
     </span>
     <span class='ocr_line' id='line_1_14' title="bbox 403 1317 2203 1373; baseline 0 -14"><span class='ocrx_word' id='word_1_130' title='bbox 403 1320 606 1372; x_wconf 86' lang='lat' dir='ltr'>graciam,</span> <span class='ocrx_word' id='word_1_131' title='bbox 643 1326 687 1361; x_wconf 88' lang='lat' dir='ltr'>et</span> <span class='ocrx_word' id='word_1_132' title='bbox 719 1319 874 1361; x_wconf 84' lang='lat' dir='ltr'>volunt</span> <span class='ocrx_word' id='word_1_133' title='bbox 909 1319 1125 1361; x_wconf 87' lang='lat' dir='ltr'>aedificare</span> <span class='ocrx_word' id='word_1_134' title='bbox 1164 1318 1300 1373; x_wconf 89' lang='lat' dir='ltr'>Syon,</span> <span class='ocrx_word' id='word_1_135' title='bbox 1337 1319 1362 1359; x_wconf 92' lang='lat' dir='ltr'>i.</span> <span class='ocrx_word' id='word_1_136' title='bbox 1378 1333 1413 1360; x_wconf 93' lang='lat' dir='ltr'>e.</span> <span class='ocrx_word' id='word_1_137' title='bbox 1451 1317 1679 1360; x_wconf 85' lang='lat' dir='ltr'>ecclesiam</span> <span class='ocrx_word' id='word_1_138' title='bbox 1717 1331 1803 1359; x_wconf 93' lang='lat' dir='ltr'>non</span> <span class='ocrx_word' id='word_1_139' title='bbox 1841 1318 1885 1358; x_wconf 91' lang='lat' dir='ltr'>in</span> <span class='ocrx_word' id='word_1_140' title='bbox 1918 1318 2203 1372; x_wconf 86' lang='lat' dir='ltr'>sanguinibus</span> 
     </span>
     <span class='ocr_line' id='line_1_15' title="bbox 403 1397 2204 1453; baseline -0.001 -13"><span class='ocrx_word' id='word_1_141' title='bbox 403 1406 447 1441; x_wconf 88' lang='lat' dir='ltr'>et</span> <span class='ocrx_word' id='word_1_142' title='bbox 474 1400 517 1440; x_wconf 89' lang='lat' dir='ltr'>in</span> <span class='ocrx_word' id='word_1_143' title='bbox 546 1400 750 1453; x_wconf 83' lang='lat' dir='ltr'>peccatiS.</span> <span class='ocrx_word' id='word_1_144' title='bbox 813 1398 901 1441; x_wconf 89' lang='lat' dir='ltr'>Sed</span> <span class='ocrx_word' id='word_1_145' title='bbox 932 1400 1034 1453; x_wconf 89' lang='lat' dir='ltr'>quia</span> <span class='ocrx_word' id='word_1_146' title='bbox 1059 1400 1240 1441; x_wconf 80' lang='lat' dir='ltr'>diversae</span> <span class='ocrx_word' id='word_1_147' title='bbox 1270 1398 1462 1440; x_wconf 86' lang='lat' dir='ltr'>ecclesiae</span> <span class='ocrx_word' id='word_1_148' title='bbox 1490 1400 1533 1440; x_wconf 92' lang='lat' dir='ltr'>in</span> <span class='ocrx_word' id='word_1_149' title='bbox 1554 1397 1721 1453; x_wconf 89' lang='lat' dir='ltr'>Anglia</span> <span class='ocrx_word' id='word_1_150' title='bbox 1747 1398 1912 1440; x_wconf 87' lang='lat' dir='ltr'>habent</span> <span class='ocrx_word' id='word_1_151' title='bbox 1939 1398 2064 1452; x_wconf 89' lang='lat' dir='ltr'>plura</span> <span class='ocrx_word' id='word_1_152' title='bbox 2087 1398 2204 1440; x_wconf 87' lang='lat' dir='ltr'>bona</span> 
     </span>
     <span class='ocr_line' id='line_1_16' title="bbox 404 1479 2203 1533; baseline -0.001 -13"><span class='ocrx_word' id='word_1_153' title='bbox 404 1480 465 1521; x_wconf 92' lang='lat' dir='ltr'>eis</span> <span class='ocrx_word' id='word_1_154' title='bbox 500 1493 674 1521; x_wconf 88' lang='lat' dir='ltr'>annexa</span> <span class='ocrx_word' id='word_1_155' title='bbox 710 1487 754 1522; x_wconf 91' lang='lat' dir='ltr'>et</span> <span class='ocrx_word' id='word_1_156' title='bbox 793 1480 1005 1521; x_wconf 89' lang='lat' dir='ltr'>habentes</span> <span class='ocrx_word' id='word_1_157' title='bbox 1047 1479 1143 1521; x_wconf 88' lang='lat' dir='ltr'>illas</span> <span class='ocrx_word' id='word_1_158' title='bbox 1184 1479 1388 1521; x_wconf 87' lang='lat' dir='ltr'>ecclesias</span> <span class='ocrx_word' id='word_1_159' title='bbox 1424 1479 1751 1533; x_wconf 70' lang='lat' dir='ltr'>consequenda,</span> <span class='ocrx_word' id='word_1_160' title='bbox 1789 1479 1887 1519; x_wconf 92' lang='lat' dir='ltr'>ideo</span> <span class='ocrx_word' id='word_1_161' title='bbox 1927 1491 2015 1520; x_wconf 90' lang='lat' dir='ltr'>non</span> <span class='ocrx_word' id='word_1_162' title='bbox 2050 1479 2203 1520; x_wconf 91' lang='lat' dir='ltr'>volunt</span> 
     </span>
     <span class='ocr_line' id='line_1_17' title="bbox 403 1558 2204 1614; baseline -0.001 -13"><span class='ocrx_word' id='word_1_163' title='bbox 403 1560 575 1614; x_wconf 92' lang='lat' dir='ltr'>patroni</span> <span class='ocrx_word' id='word_1_164' title='bbox 613 1566 656 1601; x_wconf 90' lang='lat' dir='ltr'>et</span> <span class='ocrx_word' id='word_1_165' title='bbox 693 1560 884 1614; x_wconf 89' lang='lat' dir='ltr'>episcopi</span> <span class='ocrx_word' id='word_1_166' title='bbox 926 1559 1119 1601; x_wconf 87' lang='lat' dir='ltr'>conferre</span> <span class='ocrx_word' id='word_1_167' title='bbox 1161 1559 1266 1601; x_wconf 85' lang='lat' dir='ltr'>talia</span> <span class='ocrx_word' id='word_1_168' title='bbox 1301 1559 1513 1600; x_wconf 86' lang='lat' dir='ltr'>beneficia</span> <span class='ocrx_word' id='word_1_169' title='bbox 1554 1559 1634 1599; x_wconf 89' lang='lat' dir='ltr'>nisi</span> <span class='ocrx_word' id='word_1_170' title='bbox 1670 1558 1754 1599; x_wconf 89' lang='lat' dir='ltr'>illis</span> <span class='ocrx_word' id='word_1_171' title='bbox 1789 1572 1899 1612; x_wconf 88' lang='lat' dir='ltr'>quos</span> <span class='ocrx_word' id='word_1_172' title='bbox 1939 1558 2204 1600; x_wconf 79' lang='lat' dir='ltr'>arbitrantur</span> 
     </span>
     <span class='ocr_line' id='line_1_18' title="bbox 405 1625 2202 1694; baseline -0.001 -13"><span class='ocrx_word' id='word_1_173' title='bbox 405 1640 662 1693; x_wconf 89' lang='lat' dir='ltr'>obsequium</span> <span class='ocrx_word' id='word_1_174' title='bbox 704 1646 912 1694; x_wconf 71' lang='lat' dir='ltr'>praesta-re</span> <span class='ocrx_word' id='word_1_175' title='bbox 953 1639 1036 1681; x_wconf 91' lang='lat' dir='ltr'>illis</span> <span class='ocrx_word' id='word_1_176' title='bbox 1078 1641 1317 1681; x_wconf 90' lang='lat' dir='ltr'>secundum</span> <span class='ocrx_word' id='word_1_177' title='bbox 1355 1625 1560 1681; x_wconf 81' lang='lat' dir='ltr'>affectum</span> <span class='ocrx_word' id='word_1_178' title='bbox 1603 1652 1752 1680; x_wconf 88' lang='lat' dir='ltr'>eorum</span> <span class='ocrx_word' id='word_1_179' title='bbox 1793 1639 2012 1680; x_wconf 87' lang='lat' dir='ltr'>carnalem</span> <span class='ocrx_word' id='word_1_180' title='bbox 2052 1639 2202 1693; x_wconf 91' lang='lat' dir='ltr'>pocius</span> 
     </span>
     <span class='ocr_line' id='line_1_19' title="bbox 406 1719 1963 1774; baseline -0.001 -13"><span class='ocrx_word' id='word_1_181' title='bbox 406 1734 540 1774; x_wconf 91' lang='lat' dir='ltr'>quam</span> <span class='ocrx_word' id='word_1_182' title='bbox 571 1720 645 1761; x_wconf 91' lang='lat' dir='ltr'>ille</span> <span class='ocrx_word' id='word_1_183' title='bbox 675 1720 750 1774; x_wconf 91' lang='lat' dir='ltr'>qui</span> <span class='ocrx_word' id='word_1_184' title='bbox 782 1721 863 1762; x_wconf 91' lang='lat' dir='ltr'>scit</span> <span class='ocrx_word' id='word_1_185' title='bbox 895 1727 939 1761; x_wconf 87' lang='lat' dir='ltr'>et</span> <span class='ocrx_word' id='word_1_186' title='bbox 969 1720 1063 1761; x_wconf 90' lang='lat' dir='ltr'>vult</span> <span class='ocrx_word' id='word_1_187' title='bbox 1094 1720 1355 1774; x_wconf 88' lang='lat' dir='ltr'>obsequium</span> <span class='ocrx_word' id='word_1_188' title='bbox 1385 1719 1583 1761; x_wconf 90' lang='lat' dir='ltr'>debitum</span> <span class='ocrx_word' id='word_1_189' title='bbox 1615 1725 1821 1773; x_wconf 84' lang='lat' dir='ltr'>praestare</span> <span class='ocrx_word' id='word_1_190' title='bbox 1853 1719 1963 1760; x_wconf 90' lang='lat' dir='ltr'>Deo.</span> 
     </span>
    </p>

    <p class='ocr_par' dir='ltr' id='par_1_3' title="bbox 401 1798 2202 2412">
     <span class='ocr_line' id='line_1_20' title="bbox 520 1798 2202 1854; baseline 0.002 -16"><span class='ocrx_word' id='word_1_191' title='bbox 520 1806 571 1850; x_wconf 86' lang='lat' dir='ltr'>[p.</span> <span class='ocrx_word' id='word_1_192' title='bbox 595 1806 688 1850; x_wconf 85' lang='lat'>4²3]</span> <span class='ocrx_word' id='word_1_193' title='bbox 752 1799 801 1842; x_wconf 86' lang='lat' dir='ltr'>Si</span> <span class='ocrx_word' id='word_1_194' title='bbox 836 1801 897 1841; x_wconf 92' lang='lat' dir='ltr'>ita</span> <span class='ocrx_word' id='word_1_195' title='bbox 931 1800 1048 1842; x_wconf 88' lang='lat' dir='ltr'>dicat</span> <span class='ocrx_word' id='word_1_196' title='bbox 1083 1800 1239 1842; x_wconf 91' lang='lat' dir='ltr'>beatus</span> <span class='ocrx_word' id='word_1_197' title='bbox 1272 1799 1433 1841; x_wconf 90' lang='lat' dir='ltr'>Paulus</span> <span class='ocrx_word' id='word_1_198' title='bbox 1471 1798 1696 1854; x_wconf 88' lang='lat' dir='ltr'>apostolus</span> <span class='ocrx_word' id='word_1_199' title='bbox 1730 1798 1993 1850; x_wconf 83' lang='lat' dir='ltr'>Timothe03</span> <span class='ocrx_word' id='word_1_200' title='bbox 2042 1799 2202 1853; x_wconf 89' lang='lat' dir='ltr'>quibus</span> 
     </span>
     <span class='ocr_line' id='line_1_21' title="bbox 403 1878 2202 1935; baseline 0 -14"><span class='ocrx_word' id='word_1_201' title='bbox 403 1881 548 1935; x_wconf 89' lang='lat' dir='ltr'>poenis</span> <span class='ocrx_word' id='word_1_202' title='bbox 569 1880 785 1934; x_wconf 87' lang='lat' dir='ltr'>affligetur</span> <span class='ocrx_word' id='word_1_203' title='bbox 805 1894 952 1921; x_wconf 86' lang='lat' dir='ltr'>coram</span> <span class='ocrx_word' id='word_1_204' title='bbox 976 1880 1074 1922; x_wconf 94' lang='lat' dir='ltr'>Deo</span> <span class='ocrx_word' id='word_1_205' title='bbox 1095 1880 1168 1921; x_wconf 95' lang='lat' dir='ltr'>ille</span> <span class='ocrx_word' id='word_1_206' title='bbox 1193 1881 1433 1935; x_wconf 87' lang='lat' dir='ltr'>episcopus,</span> <span class='ocrx_word' id='word_1_207' title='bbox 1455 1879 1527 1934; x_wconf 90' lang='lat' dir='ltr'>qui</span> <span class='ocrx_word' id='word_1_208' title='bbox 1550 1878 1778 1920; x_wconf 89' lang='lat' dir='ltr'>Londiniis</span> <span class='ocrx_word' id='word_1_209' title='bbox 1798 1879 2007 1934; x_wconf 87' lang='lat' dir='ltr'>praedicat</span> <span class='ocrx_word' id='word_1_210' title='bbox 2027 1879 2202 1934; x_wconf 91' lang='lat' dir='ltr'>puplice</span> 
     </span>
     <span class='ocr_line' id='line_1_22' title="bbox 405 1959 2199 2015; baseline -0.001 -13"><span class='ocrx_word' id='word_1_211' title='bbox 405 1961 524 2015; x_wconf 93' lang='lat' dir='ltr'>quod</span> <span class='ocrx_word' id='word_1_212' title='bbox 562 1961 754 2015; x_wconf 88' lang='lat' dir='ltr'>episcopi</span> <span class='ocrx_word' id='word_1_213' title='bbox 795 1974 883 2001; x_wconf 90' lang='lat' dir='ltr'>non</span> <span class='ocrx_word' id='word_1_214' title='bbox 919 1966 1123 2002; x_wconf 88' lang='lat' dir='ltr'>tenentur</span> <span class='ocrx_word' id='word_1_215' title='bbox 1162 1961 1410 2014; x_wconf 80' lang='lat' dir='ltr'>praedicare‚</span> <span class='ocrx_word' id='word_1_216' title='bbox 1444 1965 1488 2001; x_wconf 93' lang='lat' dir='ltr'>et</span> <span class='ocrx_word' id='word_1_217' title='bbox 1518 1964 1672 2013; x_wconf 87' lang='lat' dir='ltr'>postea</span> <span class='ocrx_word' id='word_1_218' title='bbox 1703 1959 1819 2000; x_wconf 84' lang='lat' dir='ltr'>dixit</span> <span class='ocrx_word' id='word_1_219' title='bbox 1855 1959 1974 2013; x_wconf 92' lang='lat' dir='ltr'>quod</span> <span class='ocrx_word' id='word_1_220' title='bbox 2007 1960 2199 2014; x_wconf 88' lang='lat' dir='ltr'>episcopi</span> 
     </span>
     <span class='ocr_line' id='line_1_23' title="bbox 401 2038 2199 2095; baseline -0.002 -12"><span class='ocrx_word' id='word_1_221' title='bbox 401 2047 608 2084; x_wconf 89' lang='lat' dir='ltr'>tenentur</span> <span class='ocrx_word' id='word_1_222' title='bbox 647 2041 896 2095; x_wconf 74' lang='lat' dir='ltr'>praedicare,</span> <span class='ocrx_word' id='word_1_223' title='bbox 928 2041 1005 2082; x_wconf 87' lang='lat' dir='ltr'>sed</span> <span class='ocrx_word' id='word_1_224' title='bbox 1042 2054 1129 2082; x_wconf 90' lang='lat' dir='ltr'>non</span> <span class='ocrx_word' id='word_1_225' title='bbox 1170 2047 1374 2082; x_wconf 87' lang='lat' dir='ltr'>tenentur</span> <span class='ocrx_word' id='word_1_226' title='bbox 1412 2039 1606 2093; x_wconf 88' lang='lat' dir='ltr'>accipere</span> <span class='ocrx_word' id='word_1_227' title='bbox 1641 2038 1804 2088; x_wconf 86' lang='lat' dir='ltr'>thema,</span> <span class='ocrx_word' id='word_1_228' title='bbox 1836 2045 1880 2081; x_wconf 89' lang='lat' dir='ltr'>et</span> <span class='ocrx_word' id='word_1_229' title='bbox 1915 2039 2056 2082; x_wconf 90' lang='lat' dir='ltr'>facere</span> <span class='ocrx_word' id='word_1_230' title='bbox 2091 2040 2199 2082; x_wconf 89' lang='lat' dir='ltr'>divi-</span> 
     </span>
     <span class='ocr_line' id='line_1_24' title="bbox 402 2118 2199 2176; baseline -0.001 -13"><span class='ocrx_word' id='word_1_231' title='bbox 402 2122 583 2172; x_wconf 89' lang='lat' dir='ltr'>sionem,</span> <span class='ocrx_word' id='word_1_232' title='bbox 615 2127 663 2163; x_wconf 88' lang='lat' dir='ltr'>ut</span> <span class='ocrx_word' id='word_1_233' title='bbox 696 2122 790 2175; x_wconf 91' lang='lat' dir='ltr'>ipse</span> <span class='ocrx_word' id='word_1_234' title='bbox 825 2119 970 2162; x_wconf 89' lang='lat' dir='ltr'>dixit?</span> <span class='ocrx_word' id='word_1_235' title='bbox 1015 2121 1089 2161; x_wconf 91' lang='lat' dir='ltr'>Ex</span> <span class='ocrx_word' id='word_1_236' title='bbox 1120 2121 1292 2176; x_wconf 90' lang='lat' dir='ltr'>scriptis</span> <span class='ocrx_word' id='word_1_237' title='bbox 1329 2126 1372 2162; x_wconf 89' lang='lat' dir='ltr'>et</span> <span class='ocrx_word' id='word_1_238' title='bbox 1403 2119 1530 2162; x_wconf 86' lang='lat' dir='ltr'>dictis</span> <span class='ocrx_word' id='word_1_239' title='bbox 1560 2118 1674 2160; x_wconf 92' lang='lat' dir='ltr'>illius</span> <span class='ocrx_word' id='word_1_240' title='bbox 1709 2120 1900 2174; x_wconf 88' lang='lat' dir='ltr'>episcopi</span> <span class='ocrx_word' id='word_1_241' title='bbox 1941 2133 2028 2161; x_wconf 90' lang='lat' dir='ltr'>non</span> <span class='ocrx_word' id='word_1_242' title='bbox 2068 2121 2199 2162; x_wconf 86' lang='lat' dir='ltr'>credo</span> 
     </span>
     <span class='ocr_line' id='line_1_25' title="bbox 403 2190 2199 2261; baseline -0.001 -18"><span class='ocrx_word' id='word_1_243' title='bbox 403 2201 520 2256; x_wconf 92' lang='lat' dir='ltr'>quod</span> <span class='ocrx_word' id='word_1_244' title='bbox 551 2200 978 2261; x_wconf 81' lang='lat' dir='ltr'>bona·pullulabunt</span> <span class='ocrx_word' id='word_1_245' title='bbox 1008 2201 1086 2242; x_wconf 93' lang='lat' dir='ltr'>sed</span> <span class='ocrx_word' id='word_1_246' title='bbox 1123 2201 1240 2242; x_wconf 87' lang='lat' dir='ltr'>mala</span> <span class='ocrx_word' id='word_1_247' title='bbox 1280 2201 1324 2242; x_wconf 88' lang='lat' dir='ltr'>in</span> <span class='ocrx_word' id='word_1_248' title='bbox 1359 2199 1553 2254; x_wconf 87' lang='lat' dir='ltr'>pluribus</span> <span class='ocrx_word' id='word_1_249' title='bbox 1593 2199 1763 2240; x_wconf 78' lang='lat' dir='ltr'>actibus</span> <span class='ocrx_word' id='word_1_250' title='bbox 1799 2206 1843 2241; x_wconf 88' lang='lat' dir='ltr'>et</span> <span class='ocrx_word' id='word_1_251' title='bbox 1879 2200 2022 2242; x_wconf 87' lang='lat' dir='ltr'>verbis</span> <span class='ocrx_word' id='word_1_252' title='bbox 2056 2190 2199 2241; x_wconf 87' lang='lat' dir='ltr'>homi-</span> 
     </span>
     <span class='ocr_line' id='line_1_26' title="bbox 402 2278 2197 2335; baseline -0.001 -13"><span class='ocrx_word' id='word_1_253' title='bbox 402 2295 519 2333; x_wconf 90' lang='lat' dir='ltr'>num,</span> <span class='ocrx_word' id='word_1_254' title='bbox 542 2281 616 2335; x_wconf 92' lang='lat' dir='ltr'>qui</span> <span class='ocrx_word' id='word_1_255' title='bbox 644 2281 705 2323; x_wconf 90' lang='lat' dir='ltr'>sic</span> <span class='ocrx_word' id='word_1_256' title='bbox 734 2286 886 2322; x_wconf 89' lang='lat' dir='ltr'>contra</span> <span class='ocrx_word' id='word_1_257' title='bbox 914 2280 1100 2322; x_wconf 88' lang='lat' dir='ltr'>salutem</span> <span class='ocrx_word' id='word_1_258' title='bbox 1125 2282 1369 2322; x_wconf 88' lang='lat' dir='ltr'>animarum</span> <span class='ocrx_word' id='word_1_259' title='bbox 1398 2278 1651 2334; x_wconf 87' lang='lat' dir='ltr'>praedicavit</span> <span class='ocrx_word' id='word_1_260' title='bbox 1676 2278 1918 2321; x_wconf 89' lang='lat' dir='ltr'>Londoniis</span> <span class='ocrx_word' id='word_1_261' title='bbox 1947 2280 2003 2321; x_wconf 93' lang='lat' dir='ltr'>ad</span> <span class='ocrx_word' id='word_1_262' title='bbox 2025 2293 2197 2322; x_wconf 90' lang='lat' dir='ltr'>crucem</span> 
     </span>
     <span class='ocr_line' id='line_1_27' title="bbox 402 2360 1412 2412; baseline -0.004 -8"><span class='ocrx_word' id='word_1_263' title='bbox 402 2361 554 2404; x_wconf 88' lang='lat' dir='ltr'>Sancti</span> <span class='ocrx_word' id='word_1_264' title='bbox 586 2360 709 2402; x_wconf 90' lang='lat' dir='ltr'>Pauli</span> <span class='ocrx_word' id='word_1_265' title='bbox 741 2360 852 2402; x_wconf 91' lang='lat' dir='ltr'>circa</span> <span class='ocrx_word' id='word_1_266' title='bbox 883 2374 1046 2401; x_wconf 90' lang='lat' dir='ltr'>annum</span> <span class='ocrx_word' id='word_1_267' title='bbox 1079 2360 1259 2402; x_wconf 88' lang='lat' dir='ltr'>Domini</span> <span class='ocrx_word' id='word_1_268' title='bbox 1288 2367 1412 2412; x_wconf 87' lang='lat'>1445.</span> 
     </span>
    </p>

    <p class='ocr_par' dir='ltr' id='par_1_4' title="bbox 400 2436 2231 2817">
     <span class='ocr_line' id='line_1_28' title="bbox 518 2436 2198 2495; baseline 0 -15"><span class='ocrx_word' id='word_1_269' title='bbox 518 2448 569 2492; x_wconf 82' lang='lat' dir='ltr'>[p.</span> <span class='ocrx_word' id='word_1_270' title='bbox 590 2447 686 2491; x_wconf 73' lang='lat'><em>424]</em></span> <span class='ocrx_word' id='word_1_271' title='bbox 745 2440 881 2482; x_wconf 92' lang='lat' dir='ltr'>Anno</span> <span class='ocrx_word' id='word_1_272' title='bbox 903 2441 1018 2482; x_wconf 88' lang='lat' dir='ltr'>enim</span> <span class='ocrx_word' id='word_1_273' title='bbox 1043 2441 1223 2482; x_wconf 86' lang='lat' dir='ltr'>Domini</span> <span class='ocrx_word' id='word_1_274' title='bbox 1250 2439 1370 2494; x_wconf 86' lang='lat'>1456,</span> <span class='ocrx_word' id='word_1_275' title='bbox 1393 2436 1589 2495; x_wconf 90' lang='lat' dir='ltr'>(quando</span> <span class='ocrx_word' id='word_1_276' title='bbox 1615 2452 1776 2493; x_wconf 87' lang='lat' dir='ltr'>magna</span> <span class='ocrx_word' id='word_1_277' title='bbox 1795 2440 1976 2482; x_wconf 87' lang='lat' dir='ltr'>victoria</span> <span class='ocrx_word' id='word_1_278' title='bbox 2005 2440 2089 2481; x_wconf 89' lang='lat' dir='ltr'>Dei</span> <span class='ocrx_word' id='word_1_279' title='bbox 2117 2439 2198 2481; x_wconf 82' lang='lat' dir='ltr'>suit‘</span> 
     </span>
     <span class='ocr_line' id='line_1_29' title="bbox 400 2519 2196 2575; baseline -0.002 -11"><span class='ocrx_word' id='word_1_280' title='bbox 400 2528 576 2564; x_wconf 88' lang='lat' dir='ltr'>ostensa</span> <span class='ocrx_word' id='word_1_281' title='bbox 611 2528 762 2564; x_wconf 85' lang='lat' dir='ltr'>contra</span> <span class='ocrx_word' id='word_1_282' title='bbox 796 2521 961 2562; x_wconf 92' lang='lat' dir='ltr'>Turcos</span> <span class='ocrx_word' id='word_1_283' title='bbox 994 2535 1191 2575; x_wconf 88' lang='lat' dir='ltr'>paganos</span> <span class='ocrx_word' id='word_1_284' title='bbox 1234 2521 1277 2561; x_wconf 89' lang='lat' dir='ltr'>in</span> <span class='ocrx_word' id='word_1_285' title='bbox 1312 2520 1463 2574; x_wconf 89' lang='lat' dir='ltr'>paucis</span> <span class='ocrx_word' id='word_1_286' title='bbox 1495 2519 1669 2560; x_wconf 89' lang='lat' dir='ltr'>Xtianis</span> <span class='ocrx_word' id='word_1_287' title='bbox 1705 2526 1856 2562; x_wconf 82' lang='lat' dir='ltr'>contra</span> <span class='ocrx_word' id='word_1_288' title='bbox 1889 2534 1963 2562; x_wconf 89' lang='lat' dir='ltr'>eos</span> <span class='ocrx_word' id='word_1_289' title='bbox 1998 2533 2196 2574; x_wconf 87' lang='lat' dir='ltr'>pugnan-</span> 
     </span>
     <span class='ocr_line' id='line_1_30' title="bbox 400 2598 2196 2657; baseline -0.001 -15"><span class='ocrx_word' id='word_1_290' title='bbox 400 2602 529 2654; x_wconf 89' lang='lat' dir='ltr'>tibus,</span> <span class='ocrx_word' id='word_1_291' title='bbox 562 2603 715 2644; x_wconf 88' lang='lat' dir='ltr'>occisis</span> <span class='ocrx_word' id='word_1_292' title='bbox 751 2601 807 2643; x_wconf 87' lang='lat' dir='ltr'>de</span> <span class='ocrx_word' id='word_1_293' title='bbox 841 2601 1024 2656; x_wconf 87' lang='lat' dir='ltr'>paganis</span> <span class='ocrx_word' id='word_1_294' title='bbox 1058 2607 1236 2642; x_wconf 89' lang='lat' dir='ltr'>centum</span> <span class='ocrx_word' id='word_1_295' title='bbox 1273 2599 1448 2641; x_wconf 89' lang='lat' dir='ltr'>milibus</span> <span class='ocrx_word' id='word_1_296' title='bbox 1484 2604 1528 2640; x_wconf 87' lang='lat' dir='ltr'>et</span> <span class='ocrx_word' id='word_1_297' title='bbox 1563 2598 1911 2657; x_wconf 86' lang='lat' dir='ltr'>quinquaginta,)</span> <span class='ocrx_word' id='word_1_298' title='bbox 1942 2613 2022 2642; x_wconf 90' lang='lat' dir='ltr'>nec</span> <span class='ocrx_word' id='word_1_299' title='bbox 2058 2599 2196 2641; x_wconf 87' lang='lat' dir='ltr'>archi-</span> 
     </span>
     <span class='ocr_line' id='line_1_31' title="bbox 402 2678 2196 2737; baseline -0.002 -14"><span class='ocrx_word' id='word_1_300' title='bbox 402 2683 633 2737; x_wconf 89' lang='lat' dir='ltr'>episcopus</span> <span class='ocrx_word' id='word_1_301' title='bbox 662 2682 839 2737; x_wconf 87' lang='lat' dir='ltr'>Angliae</span> <span class='ocrx_word' id='word_1_302' title='bbox 870 2682 1032 2736; x_wconf 82' lang='lat' dir='ltr'>primas</span> <span class='ocrx_word' id='word_1_303' title='bbox 1061 2680 1258 2722; x_wconf 90' lang='lat' dir='ltr'>Thomas</span> <span class='ocrx_word' id='word_1_304' title='bbox 1289 2678 1520 2730; x_wconf 89' lang='lat' dir='ltr'>Bourcher,</span> <span class='ocrx_word' id='word_1_305' title='bbox 1551 2693 1629 2721; x_wconf 90' lang='lat' dir='ltr'>nec</span> <span class='ocrx_word' id='word_1_306' title='bbox 1665 2681 1738 2722; x_wconf 89' lang='lat' dir='ltr'>alii</span> <span class='ocrx_word' id='word_1_307' title='bbox 1775 2680 1967 2734; x_wconf 87' lang='lat' dir='ltr'>episcopi</span> <span class='ocrx_word' id='word_1_308' title='bbox 2001 2679 2196 2722; x_wconf 88' lang='lat' dir='ltr'>fecerunt</span> 
     </span>
     <span class='ocr_line' id='line_1_32' title="bbox 402 2740 2231 2817; baseline -0.001 -15"><span class='ocrx_word' id='word_1_309' title='bbox 402 2769 528 2804; x_wconf 89' lang='lat' dir='ltr'>actus</span> <span class='ocrx_word' id='word_1_310' title='bbox 561 2763 747 2817; x_wconf 85' lang='lat' dir='ltr'>puplicae</span> <span class='ocrx_word' id='word_1_311' title='bbox 778 2762 932 2814; x_wconf 84' lang='lat' dir='ltr'>laudis,</span> <span class='ocrx_word' id='word_1_312' title='bbox 961 2775 1041 2804; x_wconf 89' lang='lat' dir='ltr'>nec</span> <span class='ocrx_word' id='word_1_313' title='bbox 1077 2760 1373 2815; x_wconf 86' lang='lat' dir='ltr'>processiones</span> <span class='ocrx_word' id='word_1_314' title='bbox 1403 2760 1459 2801; x_wconf 89' lang='lat' dir='ltr'>ad</span> <span class='ocrx_word' id='word_1_315' title='bbox 1494 2759 1575 2801; x_wconf 92' lang='lat' dir='ltr'>Dei</span> <span class='ocrx_word' id='word_1_316' title='bbox 1606 2774 1738 2814; x_wconf 87' lang='lat' dir='ltr'>opera</span> <span class='ocrx_word' id='word_1_317' title='bbox 1770 2759 2027 2803; x_wconf 87' lang='lat' dir='ltr'>miraculosa</span> <span class='ocrx_word' id='word_1_318' title='bbox 2058 2740 2231 2801; x_wconf 38' lang='lat' dir='ltr'>mani-⁶</span> 
     </span>
    </p>
   </div>
   <div class='ocr_carea' id='block_1_3' title="bbox 2390 905 2456 3210">
    <p class='ocr_par' dir='ltr' id='par_1_5' title="bbox 2390 905 2456 3210">
     <span class='ocr_line' id='line_1_33' title="bbox 2390 905 2456 3210; baseline 0 0"><span class='ocrx_word' id='word_1_319' title='bbox 2390 905 2456 3210; x_wconf 95' lang='lat' dir='ltr'> </span> 
     </span>
    </p>
   </div>
  </div>
 </body>
</html>
