2456 3210
466 261 548 291 210
969 257 1101 293 LOCI
1135 258 1173 292 E
1211 258 1376 294 LIBRO
1424 259 1767 297 VERITATUM.

466 401 586 455 quod
613 401 731 442 dicta
757 401 875 443 beati
899 400 1109 455 Gregorii,
1134 401 1307 444 Omelia
1332 401 1396 452 26,
1419 416 1504 443 non
1532 408 1652 444 stant
1678 402 1819 443 simul.
1868 402 1908 445 O
1930 417 2063 457 quam
2085 404 2264 459 vilipen-

465 481 599 523 dendi
635 488 737 523 sunt
768 480 883 522 illius
921 481 1066 523 Pecok
1103 495 1338 532 sermones,
1372 482 1459 536 qui·
1484 482 1546 524 ita
1581 482 1811 537 vilipendit
1851 497 1975 525 sacra
2015 485 2267 526 testimonia

466 561 617 604 Sancti
654 576 782 617 papae
814 562 1036 617 Gregorii!
1099 562 1251 604 Sancti
1288 563 1368 604 viri
1401 570 1446 604 et
1488 563 1649 618 egregii
1690 563 1895 606 doctores
1935 564 2267 607 declaraverunt

464 643 737 685 intellectum
772 657 928 685 sanum
967 650 1011 685 et
1053 644 1271 685 intentum
1307 643 1492 685 aliorum
1528 645 1759 686 doctorum
1796 645 1840 686 in
1875 645 1964 687 suis
2003 647 2186 700 scriptis,
2218 651 2267 687 ut

463 723 658 765 declarat
699 738 794 765 esse
832 737 983 765 verum
1023 724 1107 766 hoc
1152 724 1320 765 dictum
1359 723 1512 766 Sancti
1555 723 1764 779 Gregorii,
1808 725 1965 767 ‘Fides
2006 739 2094 768 non
2133 726 2267 768 habet

465 804 669 845 meritum
707 805 774 846 cui
807 804 1002 846 humana
1034 805 1150 846 racio
1183 805 1352 859 praebet
1390 805 1775 859 experimentum.'
1835 805 2026 848 Sanctus
2056 805 2266 854 Thomas,

465 890 509 927 2⁸
531 890 598 936 2³⁴³,
630 891 674 926 et
710 886 866 928 doctor
900 885 1105 937 solennis,
1143 886 1353 940 magister
1388 886 1608 928 Henricus
1642 887 1698 928 de
1735 885 1963 937 Gandavo‚
2002 887 2046 927 in
2082 886 2267 929 Summa

462 979 551 1015 sua,
584 966 779 1008 declarat
805 966 901 1008 haec
931 967 1064 1008 verba
1095 966 1248 1009 Sancti
1282 966 1492 1021 Gregorii,
1523 967 1567 1008 in
1599 966 1773 1009 Omelia
1803 981 1882 1009 sua
1916 966 1983 1018 26,
2015 981 2111 1009 esse
2139 966 2267 1009 valde

462 1061 574 1098 vera,
615 1054 659 1089 et
691 1047 786 1090 haec
828 1054 895 1090 est
926 1063 1037 1102 opus
1078 1048 1314 1094 doctorale,
1355 1061 1414 1090 sc.
1450 1048 1590 1102 magis
1621 1048 1788 1102 aperire
1820 1061 1995 1089 sensum
2028 1061 2104 1090 seu
2140 1047 2268 1089 intel-

461 1128 624 1170 lectum
661 1135 705 1170 et
741 1130 959 1171 intentum
990 1130 1223 1171 verborum
1257 1136 1511 1171 sanctorum
1548 1129 1794 1178 doctorum,
1828 1142 1960 1182 quam
1993 1142 2044 1170 ea
2074 1127 2267 1170 frontose

463 1222 631 1263 negare,
663 1210 733 1252 vel
765 1224 816 1252 ea
847 1211 959 1252 falsa
991 1225 1086 1252 esse
1121 1224 1326 1261 asserere,
1359 1224 1545 1265 quorum
1576 1215 1728 1252 sancta
1758 1210 1849 1251 vita
1883 1215 1929 1251 et
1957 1210 2155 1251 doctrina
2190 1222 2268 1264 per

463 1290 723 1332 catholicam
765 1292 994 1334 ecclesiam
1038 1298 1140 1334 sunt
1187 1291 1443 1346 approbata,
1480 1290 1606 1342 lecta,
1647 1296 1691 1332 et
1729 1289 1979 1344 praedicata,
2021 1296 2082 1330 et.
2107 1302 2268 1344 magna

464 1372 708 1413 reverencia
744 1373 889 1427 digna.
953 1373 1079 1422 Item,
1112 1373 1350 1427 praedictus
1387 1372 1617 1425 episcopus
1653 1369 1812 1419 Pecok,
1848 1370 1892 1411 in
1928 1369 2039 1411 libro
2081 1383 2161 1411 suo
2197 1368 2268 1410 De

463 1451 562 1503 fide,
591 1459 716 1506 parte
749 1454 953 1502 secunda,
986 1457 1067 1494 ca0.
1090 1453 1256 1507 quinto,
1284 1452 1391 1494 dicit
1422 1452 1540 1506 quod
1571 1451 1725 1493 doctor
1750 1449 1920 1491 subtilis
1948 1450 2028 1492 fuit
2058 1450 2268 1503 deceptus

465 1534 643 1584 quando
667 1534 783 1575 dixit
811 1534 930 1587 quod
955 1534 1096 1575 Xtum
1124 1533 1408 1576 descendisse
1436 1533 1494 1574 ad
1522 1531 1680 1573 inferos
1708 1535 1774 1572 est
1795 1529 2000 1571 articulus
2029 1530 2142 1581 fidei,
2163 1530 2267 1584 quia

464 1613 641 1666 ponitur
680 1614 723 1655 in
766 1614 981 1666 simb0103
1024 1620 1069 1656 et
1111 1615 1218 1656 dicit
1259 1614 1330 1664 ibi,
1365 1613 1601 1668 praedictus
1638 1610 1795 1663 Pecok,
1825 1611 1942 1664 quod
1984 1611 2028 1651 in
2067 1615 2267 1664 tempore

463 1691 703 1747 Augustini
738 1708 823 1735 non
853 1695 933 1735 fuit
965 1695 1037 1735 ille
1066 1695 1274 1736 articulus
1306 1694 1348 1735 in
1372 1692 1575 1742 simbolo,
1597 1698 1641 1734 et
1672 1691 1733 1733 sic
1763 1704 1848 1732 non
1875 1697 1942 1732 est
1969 1703 2118 1731 verum
2147 1690 2265 1744 quo'd

463 1773 652 1826 apostoli
689 1782 929 1827 posuerunt
972 1775 1095 1815 illum
1132 1776 1174 1816 in
1212 1774 1412 1815 simbolo.
1476 1774 1588 1814 Haec
1625 1771 1698 1814 ille
1729 1770 1875 1813 Pecok
1915 1770 2078 1812 ibidem
2115 1777 2266 1811 contra

464 1853 612 1894 omnia
653 1855 904 1895 testimonia
945 1855 1282 1908 praedicatorum
1324 1860 1573 1896 sanctorum
1614 1852 1683 1894 hic
1724 1852 1920 1905 superius
1963 1850 2265 1904 allegatorum,

463 1934 580 1975 unde
606 1947 685 1976 nec
708 1933 869 1976 ‘Aves’
897 1935 934 1975 ei
956 1936 1166 1982 dixeritis,
1188 1938 1197 1955 ‘
1214 1936 1248 1976 si
1271 1935 1454 1990 angelus
1480 1934 1607 1975 aliter
1636 1933 1680 1974 in
1707 1932 1790 1974 hoc
1819 1930 2107 1986 evangelizet'
2129 1945 2263 1985 quam

464 2014 663 2068 praedicti
691 2015 830 2056 sancti
863 2015 1065 2056 doctores
1097 2015 1327 2066 docebant,
1350 2013 1611 2056 ‘anathema
1637 2010 1718 2054 sit.'
1777 2012 1912 2052 Anno
1941 2011 2057 2053 enim
2084 2011 2263 2053 Domini

463 2093 570 2146 Jesu
608 2094 688 2136 Xti
730 2094 962 2137 millesimo
1003 2095 1435 2149 quadringentesimo
1477 2094 1510 2135 l⁰
1542 2093 1742 2148 septimo,
1776 2093 1887 2134 circa
1918 2092 2078 2135 festum
2113 2091 2263 2134 Sancti

467 2174 658 2226 Martini,
690 2175 882 2229 episcopi
915 2181 958 2216 et
991 2175 1069 2217 Xti
1101 2175 1371 2226 confessoris,
1403 2175 1638 2229 praedictus
1670 2173 1826 2224 Pecok,
1857 2174 2086 2228 episcopus
2120 2171 2264 2214 Cices-

464 2255 633 2303 trensis,
661 2255 872 2309 expulsus
904 2254 984 2296 fuit
1018 2255 1259 2297 Londoniis
1288 2270 1314 2297 a
1345 2254 1582 2309 praesencia
1613 2253 1725 2308 regis
1756 2260 1800 2295 et
1831 2254 2109 2295 dominorum
2141 2252 2261 2306 regni

465 2335 755 2388 spiritualium
793 2341 837 2376 et
873 2335 1194 2388 temporalium,
1231 2342 1274 2377 et
1309 2350 1335 2376 a
1371 2336 1504 2376 domo
1545 2333 1714 2375 concilii
1751 2334 1863 2387 regis
1903 2340 1947 2376 et
1987 2334 2262 2375 dominorum

466 2415 612 2469 regni:
649 2415 834 2470 jubente
864 2415 945 2456 sibi
977 2416 1019 2456 in
1050 2415 1122 2457 illa
1150 2416 1284 2458 domo
1311 2414 1663 2469 archiepiscopus
1696 2413 2035 2464 Cantuariensis,
2059 2413 2262 2455 dominus

465 2495 664 2537 Thomas
705 2495 937 2544 Bourcher‚
980 2497 1098 2549 quod
1140 2497 1234 2550 ipse
1275 2495 1421 2537 Pecok
1462 2495 1692 2548 episcopus
1736 2495 1878 2536 exiret
1918 2494 1974 2536 ab
2014 2493 2089 2535 illa
2128 2494 2262 2535 domo

465 2576 636 2619 concilii
669 2576 787 2631 regii,
822 2581 867 2618 et
899 2590 924 2617 a
954 2577 1192 2629 praesencia
1226 2576 1337 2630 regis
1370 2575 1429 2616 ibi
1466 2580 1570 2616 tunc
1609 2575 1850 2626 existentis,
1885 2581 1928 2616 et
1963 2588 1989 2616 a
2024 2573 2261 2628 praesencia

468 2657 747 2698 dominorum
784 2657 903 2710 regni
939 2655 998 2697 ibi
1032 2661 1135 2697 tunc
1178 2655 1479 2706 existencium,
1515 2654 1803 2707 spiritualium
1838 2662 1882 2697 et
1921 2653 2229 2709 temporalium
2249 2667 2260 2704 ;

469 2736 612 2778 nullus
649 2737 763 2778 enim
800 2736 1005 2778 dominus
1037 2736 1289 2789 temporalis
1328 2741 1431 2777 tunc
1465 2734 1508 2775 in
1541 2734 1614 2775 illo
1651 2735 1833 2777 concilio
1870 2747 2032 2788 magno
2068 2733 2179 2788 regis
2216 2738 2260 2774 et

469 2818 586 2869 regni
621 2817 816 2859 existens
851 2816 987 2858 voluit
1018 2815 1137 2869 loqui
1174 2815 1404 2857 concilium
1442 2827 1567 2855 suum
1603 2828 1681 2856 nec
1723 2815 2052 2864 avisamentum,
2089 2825 2167 2854 nec
2209 2825 2260 2852 ea
