2456 3210
437 257 520 300 230
889 246 1186 283 EXCERPTA
1220 246 1259 280 E
1289 246 1417 281 MSS.
1452 245 1791 283 GASCOIGNII.

436 393 700 436 consentiret
731 405 879 446 regem
910 404 1039 432 suum
1071 390 1323 440 Ricardum,
1356 388 1481 443 cujus
1512 389 1777 431 contrarium
1809 395 1960 432 tamen
1990 390 2093 434 fecit
2122 391 2241 434 idem

437 474 670 525 Henricus,
710 472 910 527 cogendo
958 484 1108 525 regem
1151 469 1393 512 Ricardum
1434 469 1653 524 resignare
1702 483 1910 512 coronam
1957 470 2002 515 in
2050 472 2241 515 crastino

436 554 667 596 Michaelis
695 552 938 594 Londoniis
968 551 1087 606 apud
1108 550 1564 602 westmonasterium,
1591 549 1696 592 licet
1721 551 1841 605 prius
1868 550 2129 595 fidelitatem
2156 553 2240 596 sibi

431 635 594 690 juravit
624 634 668 675 in
699 632 940 687 praesencia
970 630 1286 685 archiepiscopi
1311 630 1527 682 Arundel,
1549 637 1593 673 et
1623 631 1795 673 comitis
1826 631 2168 685 Northumbriae‚
2195 640 2241 679 et

431 715 598 757 domini
627 713 815 755 Thomae
838 712 960 767 Gray
989 726 1089 754 cum
1120 725 1251 754 curvo
1281 712 1410 766 pede.
1471 709 1656 770 [Comes
1688 713 1805 755 enim
1837 713 2004 767 Darby,
2035 727 2094 757 sc.
2123 727 2237 768 prae-

433 797 578 838 dictus
602 795 820 837 Henricus
842 793 1050 848 Quartus,
1075 793 1240 848 juravit
1269 806 1401 848 super
1428 806 1585 847 corpus
1607 793 1687 835 Xti
1715 794 1760 835 in
1787 800 2063 837 sacramento
2089 794 2239 838 altaris

435 882 480 918 et
512 875 620 918 illud
655 874 820 929 recepit
854 875 900 916 in
932 874 1037 917 villa
1069 874 1126 916 de
1161 873 1365 928 Chestyr,
1399 874 1518 928 quod
1555 887 1781 928 nunquam
1818 874 2051 918 rebellaret
2086 881 2239 918 contra

433 970 582 1011 regem
604 955 858 1005 Ricardum,
882 969 962 997 nec
993 969 1094 996 eum
1121 954 1283 1009 deponi
1307 968 1335 996 a
1363 967 1525 996 corona
1554 955 1832 1003 consentiret,
1856 961 1901 997 et
1931 955 2049 997 istud
2076 954 2240 1011 juravit

432 1050 579 1078 coram
609 1036 939 1090 archiepiscopo
965 1034 1142 1077 Thoma
1172 1034 1391 1086 Arundel,
1422 1040 1467 1078 et
1498 1034 1661 1077 comite
1691 1035 2035 1088 Northumbriae,
2069 1041 2114 1078 et
2145 1035 2238 1092 ejus

432 1116 522 1159 filio
556 1114 807 1172 Henrico¹.]

550 1204 594 1241 2⁸
626 1212 690 1240 ca.
753 1198 880 1249 Item,
921 1196 1092 1251 optavit
1135 1196 1488 1251 archiepiscopus
1534 1195 1700 1250 Scrope
1745 1197 1865 1250 quod
1910 1209 2072 1238 corona
2115 1197 2236 1251 regni

429 1277 610 1332 Angliae
641 1279 844 1329 restituta
873 1291 965 1319 suae
998 1277 1126 1319 lineae
1155 1277 1227 1319 vel
1262 1277 1417 1329 cursui,
1449 1276 1630 1319 ecclesia
1660 1276 1912 1331 Anglicana
1941 1276 2106 1320 habeat
2135 1291 2236 1332 pos-

430 1359 647 1400 sessiones
694 1373 806 1410 suas,
846 1358 1086 1409 libertates,
1130 1357 1481 1408 consuetudines,
1524 1363 1570 1400 et
1609 1357 1844 1412 privilegia,
1885 1371 1985 1411 quae
2031 1358 2089 1400 ad
2136 1371 2236 1401 eam

425 1438 545 1492 juste
580 1439 812 1493 pertinent,
848 1439 1090 1481 secundum
1127 1438 1248 1492 leges
1280 1437 1423 1492 justas
1458 1443 1503 1480 et
1538 1437 1707 1479 nobiles
1742 1437 1863 1491 regni
1899 1437 2079 1492 Angliae
2115 1438 2234 1493 prius

429 1519 625 1571 usitatas,
647 1534 756 1573 quae
786 1519 969 1563 ecclesia
998 1519 1251 1572 Anglicana
1276 1517 1371 1572 jam
1401 1517 1672 1572 gubernatur
1701 1518 1834 1559 modo
1865 1517 2095 1560 contrario.

545 1605 602 1652 3²².
665 1600 792 1651 Item,
837 1600 955 1653 quod
997 1599 1165 1641 domini
1207 1599 1328 1653 regni
1365 1598 1617 1653 judicentur
1654 1597 1895 1640 secundum
1930 1597 2147 1651 judicium
2188 1605 2233 1640 et

429 1679 795 1721 deliberacionem
835 1661 1020 1721 aliorum
1057 1679 1334 1720 dominorum
1375 1679 1462 1719 illis
1502 1677 1750 1732 aequalium,
1791 1683 1836 1719 et
1876 1690 1962 1718 non
2004 1692 2056 1719 eo
2097 1679 2232 1720 modo

429 1773 517 1813 quo
556 1759 650 1812 jam
695 1759 959 1812 judicantur,
1000 1767 1044 1801 et
1088 1759 1283 1810 exulant,
1324 1766 1368 1801 et
1396 1751 1683 1807 occiduntur,
1729 1772 1780 1799 eo
1825 1758 1943 1811 quod
1986 1763 2106 1800 stant
2151 1772 2231 1813 pro

428 1840 610 1881 veritate
640 1853 812 1881 coronae
844 1845 888 1880 et
920 1840 1109 1881 utilitate
1140 1840 1274 1894 regni,
1308 1846 1352 1881 et
1382 1839 1486 1893 quia
1516 1839 1723 1880 resistunt
1753 1837 1920 1891 injuriae
1952 1838 2087 1892 regni.

545 1925 601 1969 4²².
646 1919 772 1970 Item,
794 1920 914 1972 quod
946 1919 1097 1970 clerus,
1124 1920 1338 1972 generosi,
1363 1926 1638 1970 mercatores,
1660 1925 1705 1960 et
1735 1931 1991 1959 communes
2023 1932 2111 1960 non
2142 1919 2230 1961 sint

427 2000 626 2054 oppressi
657 2013 736 2053 per
767 1999 1039 2049 exacciones,
1065 2006 1207 2051 taxas,
1240 2006 1284 2042 et
1315 1999 1521 2049 subsidia,
1554 2012 1633 2040 nec
1669 2011 1746 2052 per
1778 1997 1885 2039 alias
1922 1999 2229 2052 imposiciones

429 2095 482 2122 eo
508 2081 641 2122 modo
669 2093 758 2134 quo
779 2079 873 2133 jam
899 2080 1213 2133 opprimuntur,
1233 2081 1337 2135 quia
1358 2080 1556 2134 quolibet
1579 2092 1696 2121 anno
1720 2085 1821 2132 post
1846 2092 1974 2119 suum
2000 2079 2227 2121 introitum

427 2161 472 2201 in
496 2160 708 2215 Angliam
732 2159 887 2201 habuit
917 2173 997 2201 rex
1021 2160 1241 2202 Henricus
1262 2160 1375 2214 ἰίᾒωΒ
1406 2166 1561 2202 taxam
1587 2165 1631 2200 et
1658 2159 1888 2208 decimam,
1912 2165 1957 2201 et
1987 2159 2226 2213 aliquando

427 2241 573 2295 plures
601 2242 645 2282 in
676 2254 764 2282 uno
790 2253 919 2290 anno,
940 2239 1043 2282 licet
1074 2241 1117 2281 in
1147 2241 1289 2294 primo
1320 2241 1499 2282 introitu
1536 2253 1616 2280 suo
1646 2239 1690 2280 in
1721 2238 1935 2293 Angliam
1966 2246 2067 2294 post
2096 2253 2225 2281 suum

426 2322 607 2362 exilium
635 2321 797 2375 juravit
834 2320 952 2361 idem
990 2334 1069 2361 rex
1103 2321 1333 2372 Henricus,
1364 2326 1469 2362 tunc
1503 2326 1686 2362 vocatus
1722 2333 1871 2362 comes
1906 2320 2073 2374 Darby,
2104 2320 2224 2374 quod

426 2402 470 2442 in
501 2409 701 2456 tempore
730 2402 834 2443 vitae
864 2414 966 2451 suae,
998 2401 1040 2441 in
1073 2408 1288 2454 quantum
1322 2402 1415 2455 ipse
1446 2400 1659 2454 impedire
1690 2407 1850 2454 posset,
1882 2413 2107 2454 nunquam
2137 2399 2224 2442 sol-

424 2489 546 2524 veret
571 2483 753 2524 ecclesia
772 2482 1024 2536 Anglicana
1055 2482 1272 2524 decimam
1304 2495 1383 2523 nec
1413 2480 1602 2535 populus
1630 2487 1813 2533 taxam3
1844 2488 1890 2524 et
1919 2482 2037 2524 istud
2063 2481 2224 2536 juravit

425 2563 468 2602 in
499 2562 679 2604 castello
710 2562 766 2603 de
798 2543 1066 2615 Knarburgh
1094 2561 1227 2614 juxta
1257 2561 1469 2602 Eborum.

539 2649 596 2696 5³².
671 2643 798 2692 Item,
845 2641 966 2696 quod
1014 2655 1185 2693 corona,
1226 2641 1358 2695 justae
1409 2641 1509 2681 linae
1558 2641 1773 2693 restituta,
1824 2642 2044 2697 sapientes
2093 2641 2222 2696 hujus

427 2724 559 2777 regni,
602 2724 677 2777 qui
722 2727 992 2778 cognoscunt
1039 2721 1228 2764 honores
1273 2727 1318 2764 et
1364 2722 1642 2775 sapienciam,
1682 2723 1959 2778 assignentur
2006 2723 2095 2776 regi
2141 2735 2222 2776 pro

556 2813 565 2831 ¹
585 2813 667 2845 This
684 2824 821 2856 passage
835 2814 863 2846 is
879 2813 1007 2846 written
1025 2822 1066 2845 on
1083 2823 1102 2844 a
1120 2818 1192 2854 part
1210 2813 1248 2844 of
1259 2813 1314 2844 the
1331 2812 1482 2853 opposite
1498 2822 1582 2854 page
1599 2811 1631 2844 in
1649 2813 1864 2855 Gascoigne's
1879 2812 1977 2846 latest
1991 2812 2090 2846 hand.
