2456 3210
691 346 825 382 LOCI
858 345 898 380 E
936 344 1103 380 LIBRO
1150 345 1495 382 VERJTATUM.
1922 346 2002 392 175

196 496 244 534 et
267 489 541 533 Willelmum
570 489 699 531 Aske
730 488 1114 540 Sarisburiensem,
1148 495 1194 531 et
1223 489 1296 531 alii
1337 488 1531 543 episcopi
1565 492 1630 539 4⁰²
1661 488 1736 542 qui
1775 487 1915 529 eciam
1956 487 2001 527 in

196 572 341 614 officio
371 572 485 626 regis
515 577 561 613 et
591 571 753 625 reginae
783 570 993 611 continue
1023 575 1249 621 steterunt,
1269 575 1375 611 tunc
1402 584 1430 611 a
1458 570 1576 611 curia
1605 570 1650 610 in
1679 583 1779 611 suas
1805 569 2002 610 dioceses

175 635 413 707 ‘fugerunn
434 653 642 694 timentes
666 650 818 699 occidi,
841 664 894 691 eo
925 651 1046 704 quod
1073 650 1192 691 fama
1218 650 1300 692 fuit
1326 651 1444 704 quod
1473 650 1768 692 communitas
1794 663 1869 691 eos
1895 654 2003 690 tunc

196 733 338 774 voluit
368 733 594 783 occidere3
636 738 682 773 et
713 732 798 788 ista
827 732 1040 785 praedicta
1070 731 1171 772 novi
1203 745 1298 772 esse
1327 745 1441 782 vera,
1473 745 1568 785 ego,
1606 731 1763 772 doctor
1791 729 2003 779 Thomas,

197 813 275 867 qui
298 814 395 856 haec
421 827 554 855 manu
580 826 678 854 mea
702 812 879 867 propria
908 812 1090 867 scripsi3
1121 818 1166 854 et
1195 813 1280 854 iste
1309 812 1546 867 praedictus
1572 812 1804 866 episcopus
1826 811 2001 858 Sarum,

198 893 448 935 Willelmus
476 893 615 943 Aske‚
645 893 730 934 fuit
760 892 983 934 confessor
1015 892 1128 947 regis
1160 892 1342 935 Henrici
1371 892 1442 947 vj‘i
1478 907 1555 946 per
1589 892 1736 947 plures
1770 905 1922 942 annos,
1958 898 2004 932 et

199 974 245 1014 in
279 975 399 1016 curia
431 975 543 1028 regis
580 974 703 1028 quasi
736 973 942 1015 continue
979 973 1152 1024 mansit,
1184 987 1413 1028 quousque
1452 974 1650 1027 fugiebat
1691 979 1813 1014 metu
1849 972 2004 1013 mortis

200 1066 319 1105 suae3
350 1061 396 1096 et
417 1068 641 1108 nunquam
662 1060 767 1096 ante
793 1053 916 1094 illum
947 1054 1203 1108 episcopum
1229 1053 1311 1095 fuit
1337 1054 1496 1108 aliquis
1526 1054 1758 1108 episcopus
1784 1051 2006 1094 confessor

198 1135 314 1188 regis
343 1134 524 1189 Angliae
553 1135 745 1184 diurnus,
777 1147 857 1175 nec
889 1134 1095 1175 continue
1130 1134 1174 1174 in
1207 1135 1325 1176 curia
1360 1135 1474 1188 regis
1504 1134 1709 1183 residens,
1736 1134 1813 1174 sed
1847 1134 1891 1173 in
1924 1146 2004 1173 sua

200 1227 305 1255 cura
333 1214 402 1255 vel
432 1215 549 1259 alibi.

318 1300 368 1344 [p.
402 1300 495 1343 302.]
555 1294 645 1336 Iste
686 1293 878 1337 Sanctus
915 1295 1048 1345 Beda,
1090 1295 1331 1336 monachus
1370 1295 1535 1336 ordinis
1576 1295 1728 1337 Sancti
1765 1293 2006 1344 Benedicti,

202 1375 442 1416 monachus
470 1375 581 1429 nigri
610 1375 774 1416 ordinis
805 1375 849 1416 in
881 1376 1150 1416 monasterio
1175 1375 1327 1417 Sancti
1353 1375 1476 1417 Pauli
1506 1375 1707 1430 apostoli,
1737 1375 1810 1416 ubi
1842 1375 2006 1416 mansit

203 1454 394 1497 Sanctus
425 1455 558 1506 Beda,
596 1461 642 1497 et
681 1469 761 1510 per
798 1460 863 1506 4⁰r
898 1455 1111 1496 millearia
1151 1455 1317 1497 distant
1357 1457 1671 1497 monasterium
1703 1454 1856 1497 Sancti
1887 1455 2007 1496 Petri

200 1535 392 1589 apostoli
427 1536 472 1576 in
501 1535 766 1577 Wermouth
800 1542 845 1577 et
878 1535 1194 1577 monasterium
1228 1535 1380 1578 Sancti
1417 1536 1540 1577 Pauli
1575 1536 1764 1590 apostoli
1798 1537 1842 1577 in
1871 1535 2005 1588 Jaru:

201 1622 250 1657 et
287 1616 390 1670 quia
438 1616 524 1658 ista
563 1617 653 1658 duo
694 1616 960 1657 monasteria
1009 1629 1146 1656 unum
1187 1622 1233 1658 et
1272 1617 1462 1658 eundem
1506 1617 1716 1658 abbatem
1755 1616 2007 1658 habuerunt

202 1696 304 1737 ideo
335 1696 692 1748 Sanctus-Beda,
733 1697 778 1737 in
818 1697 939 1738 libris
982 1697 1072 1738 suis
1112 1697 1286 1738 duobus
1319 1697 1391 1739 De
1429 1698 1567 1752 gestis
1606 1700 1740 1740 trium
1779 1698 2005 1749 abbatum,

203 1778 519 1819 monasterium
558 1791 687 1819 suum
726 1778 802 1819 ubi
847 1778 1008 1820 mansit
1047 1785 1178 1820 vocat
1223 1778 1463 1833 aliquando
1502 1779 1610 1832 Jaru
1650 1793 1727 1820 seu
1769 1779 1920 1830 Gimn,
1961 1786 2007 1820 et

202 1856 443 1910 aliquando
466 1858 751 1908 Wermowth,
780 1859 884 1913 quia
911 1860 995 1901 ista
1026 1860 1115 1900 duo
1148 1860 1426 1909 monasteria,
1457 1874 1594 1901 unum
1624 1860 1845 1911 abbatem,
1867 1860 2008 1901 Bene-

204 1937 372 1978 dictum
393 1924 564 1993 Biscop,
583 1938 810 1988 habencia,
832 1953 968 1980 unum
992 1939 1306 1980 monasterium
1328 1940 1620 1982 censebantur
1649 1947 1695 1983 et
1714 1941 2006 1989 vocabantur3

206 2023 253 2057 et
296 2016 382 2058 ista
415 2018 505 2060 duo
538 2020 807 2061 monasteria
848 2020 892 2060 in
926 2020 1051 2060 boria
1082 2019 1262 2073 Angliae
1293 2026 1424 2072 stant,
1458 2021 1573 2063 inter
1605 2035 1767 2075 aquam
1798 2021 1928 2075 Tyne
1964 2028 2009 2062 et

206 2093 370 2149 aquarn
389 2096 531 2147 Weer,
557 2105 603 2140 et
630 2099 746 2151 villa,
769 2099 902 2154 juxta
932 2113 1068 2153 quam
1100 2113 1216 2153 aqua
1236 2099 1367 2154 Tyne
1396 2102 1528 2143 currit
1558 2104 1603 2144 in
1634 2115 1753 2142 mare
1782 2101 2007 2149 orientale,

204 2182 391 2217 vocatur
427 2177 733 2232 Tynemowth‚
779 2180 806 2220 i.
824 2194 861 2221 e.
903 2194 954 2221 os
993 2178 1123 2233 Tyne
1162 2193 1302 2234 aquae,
1341 2181 1417 2222 ubi
1457 2181 1532 2223 illa
1571 2196 1687 2236 aqua
1727 2187 1927 2235 penetrat
1963 2181 2007 2221 in

208 2269 342 2305 mare,
364 2262 410 2297 et
437 2257 555 2308 villa,
571 2259 704 2312 juxta
732 2274 867 2314 quam
898 2260 1031 2301 currit
1060 2273 1177 2313 aqua
1198 2259 1331 2301 Weer
1359 2261 1403 2301 in
1434 2275 1554 2303 mare
1584 2261 1804 2308 orientale,
1826 2267 2009 2301 vocatur

206 2335 493 2386 Wermowth,
543 2338 571 2379 i.
593 2353 632 2380 e.
675 2353 726 2381 os
758 2339 892 2381 Weer
933 2354 1076 2394 aquae,
1113 2340 1188 2381 ubi
1227 2339 1386 2382 Weere
1425 2342 1559 2384 intrat
1606 2342 1650 2382 in
1691 2354 1824 2381 mare.
1894 2340 2008 2381 Haec

177 2422 366 2470 -patent
405 2417 450 2457 in
491 2416 680 2461 cronica
709 2420 1026 2462 Dunelmensis
1067 2420 1273 2471 ecclesiae,
1313 2428 1359 2462 et
1407 2422 1560 2463 insulae
1602 2422 1717 2463 Farn
1763 2427 1808 2461 et
1854 2420 2008 2461 insulae

210 2495 569 2546 Lindifarnensis,
594 2498 668 2539 ubi
697 2499 781 2542 fuit
808 2502 936 2542 sedes
966 2500 1226 2554 episcopalis
1257 2499 1408 2543 Sancti
1431 2501 1662 2543 Cuthberti
1693 2501 1899 2554 episcopi,
1931 2501 2008 2553 qui

211 2581 316 2617 ante
347 2583 392 2618 et
420 2583 522 2629 post
552 2578 855 2633 episcopatum
886 2580 1267 2622 Lindifarnensem
1297 2582 1550 2624 anachon'ta
1581 2582 1674 2622 suit.

327 2661 378 2705 [p.
412 2661 505 2704 304]
565 2656 640 2698 Sic
680 2666 782 2701 sunt
829 2659 920 2702 fere
963 2661 1112 2702 omnia
1157 2661 1369 2702 notabilia
1411 2676 1511 2716 quae
1558 2661 1708 2714 scripsi
1757 2660 1801 2700 in
1844 2659 2008 2714 scripto

189 2749 314 2776 *meo
346 2736 403 2777 de
433 2736 690 2778 veritatibus
724 2738 921 2782 collectis
957 2755 1037 2795 per
1069 2742 1251 2782 modum
1285 2741 1462 2783 tabulae.
1522 2742 1633 2794 Ego,
1667 2739 1864 2780 Thomas
1895 2739 2009 2781 Gas-

213 2816 381 2869 coigne,
419 2823 658 2870 postquam
691 2819 794 2881 rexi
830 2819 1021 2862 Oxoniae
1057 2821 1101 2862 in
1133 2820 1380 2875 Theologia
1410 2821 1472 2875 xij
1514 2834 1664 2869 annos,
1697 2826 1742 2860 et
1770 2826 2007 2873 postquam

213 2896 428 2950 resignavi
468 2903 625 2950 sponte
666 2899 895 2942 rectoriam
936 2914 1080 2944 meam
1123 2901 1180 2943 de
1220 2901 1432 2956 Dighton‚
1474 2914 1607 2954 quam
1647 2899 1820 2941 vineam
1860 2899 2005 2949 habui,
