2456 3210
433 276 517 317 224
936 270 1068 305 LOCJ
1102 270 1142 303 E
1179 270 1346 305 LIBRO
1392 270 1738 307 VERJTATUM.

547 420 597 464 [p.
619 419 711 462 681.]
751 418 954 455 Verbum
975 418 1072 454 Dei.
1116 413 1219 454 Duo
1251 414 1399 466 magni
1429 414 1633 467 graduati
1665 427 1804 469 nuper
1832 414 2042 456 dixerunt
2072 427 2234 468 magno

430 495 533 549 regi,
571 495 689 548 quod
725 494 894 535 licitum
935 493 1018 535 fuit
1058 493 1109 544 ei,
1145 499 1189 535 et
1231 499 1445 544 sanctum,
1481 500 1525 536 et
1566 494 1849 545 meritorium,
1886 493 2079 537 conferre
2120 494 2234 549 epis-

431 582 650 630 copatum,
688 573 757 616 vel
794 574 1089 628 quodcunque
1124 573 1242 614 aliud
1283 573 1487 623 officium,
1522 574 1601 616 tali
1640 575 1733 616 viro
1769 581 1819 617 ut
1857 574 2006 630 placet
2045 574 2147 629 regi,
2188 579 2234 615 et

431 655 550 710 quod
584 654 854 696 meritorium
886 660 954 696 est
988 654 1140 696 statim
1172 654 1492 696 confessionem
1523 652 1618 712 (sic)
1650 654 1770 696 illam
1801 667 2005 698 revocare
2034 661 2080 697 et
2109 654 2234 696 alteri

429 735 521 777 viro
553 736 807 784 concedere,
839 741 885 776 et
914 735 976 776 sic
1006 734 1162 777 variari
1197 735 1405 788 quociens
1434 734 1620 777 voluerit
1650 749 1676 777 a
1706 735 1837 790 priori
1868 736 2162 778 concessione.

547 816 673 867 Item,
709 816 828 857 idem
864 815 952 856 duo
989 815 1093 856 mali
1128 815 1330 856 doctores
1370 821 1415 856 et
1450 816 1643 870 perversi
1679 816 1885 857 dixerant
1926 829 2089 870 magno
2130 814 2233 870 regi,

430 897 548 951 quod
591 896 747 938 melius
787 895 869 938 fuit
905 910 1053 938 coram
1089 896 1270 937 domino
1311 896 1402 950 regi
1448 896 1642 938 conferre
1682 897 1986 951 episcopatum
2026 896 2100 938 uni
2139 896 2233 938 viro

428 977 558 1018 valde
578 976 770 1026 inhabili,
794 982 842 1018 ut
862 983 1052 1018 cessaret
1072 977 1279 1031 quaedam
1300 975 1353 1017 lis
1374 990 1453 1031 pro
1474 977 1668 1031 quodam
1690 977 1906 1019 decanatu
1928 976 2040 1018 inter
2063 976 2231 1018 dictum

430 1057 668 1098 inhabilem
701 1063 745 1098 et
776 1057 910 1098 alium
939 1057 1081 1098 virum
1112 1070 1213 1098 cum
1245 1057 1404 1098 eodem
1433 1056 1694 1111 litigantem,
1724 1071 1858 1111 quarn
1888 1056 2084 1099 conferre
2119 1056 2233 1111 epis-

430 1144 639 1192 copatum
671 1137 842 1192 optimo
872 1137 965 1178 viro
996 1137 1040 1178 in
1069 1136 1265 1178 moribus
1296 1143 1341 1179 et
1368 1137 1413 1178 in
1440 1137 1654 1190 sciencia;
1685 1143 1731 1179 et
1756 1137 1818 1179 sic
1846 1142 2157 1179 consenserunt
2187 1136 2231 1177 in

429 1232 640 1272 magnum
681 1217 860 1266 malum,
894 1231 953 1259 ex
989 1231 1078 1271 quo
1114 1216 1240 1271 plura
1281 1217 1399 1259 mala
1437 1223 1691 1272 sequuntur,
1727 1224 1776 1260 ut
1815 1218 2111 1272 implacitacio
2150 1230 2232 1271 pro

428 1313 516 1340 uno
547 1299 763 1340 decanatu
796 1303 999 1339 cessaret.

546 1379 673 1430 Item,
709 1378 804 1432 jam
839 1378 1041 1419 homines
1077 1391 1166 1419 non
1198 1383 1354 1420 curant
1388 1391 1569 1432 peccare
1603 1378 1804 1432 graviter,
1840 1378 1954 1432 quia,
1985 1384 2034 1420 ut
2064 1377 2229 1426 dicunt,

427 1459 633 1501 facillime
675 1459 904 1500 habebunt
943 1458 1117 1500 veniam
1160 1472 1240 1513 per
1281 1450 1609 1501 absolucionem
1648 1458 1854 1500 facillime
1901 1459 2144 1511 obtentam,
2185 1464 2230 1500 et

428 1554 506 1594 per
535 1539 835 1594 indulgencias
866 1539 1048 1594 papales
1078 1539 1285 1581 facillime
1315 1546 1537 1595 optentas,
1567 1546 1617 1582 ut
1646 1540 1728 1595 ipsi
1759 1540 1921 1582 dicunt.

545 1626 590 1670 [p.
620 1626 715 1670 687]
774 1625 982 1662 Venatio.
1046 1621 1098 1661 In
1127 1621 1224 1662 loco
1251 1628 1411 1663 vocato
1442 1621 1681 1664 Bethsaida
1705 1621 1883 1675 jacebat
1913 1620 2051 1662 multa
2082 1618 2229 1661 multi-

428 1701 537 1741 tudo
568 1700 888 1753 languencium,
923 1707 971 1742 ut
998 1707 1122 1753 patet
1151 1702 1195 1742 in
1224 1701 1464 1755 evangelio,
1491 1702 1705 1755 Johannis
1726 1705 1772 1753 5⁰
1792 1706 1875 1743 ca0.
1902 1699 2153 1751 Bethsaida,
2182 1699 2227 1740 in

428 1780 576 1835 lingua
599 1787 747 1821 nostra
768 1781 1078 1833 interpretatus
1101 1782 1277 1823 ‘domus
1292 1781 1579 1832 venatorum‚’
1600 1789 1648 1824 ut
1669 1782 1729 1823 ait
1753 1781 1942 1823 Sanctus
1961 1780 2225 1834 jeronimus,

429 1874 559 1915 super
580 1860 859 1901 Ezechielem
885 1860 996 1902 libro
1021 1875 1098 1902 suo
1127 1862 1194 1902 ix⁰
1219 1862 1412 1915 capitulo
1439 1861 1525 1903 28⁰.
1578 1863 1629 1903 In
1657 1858 1791 1903 domo
1820 1862 1936 1903 enim
1966 1867 2226 1902 venatorum

428 1948 473 1983 et
494 1942 538 1982 in
560 1941 665 1995 ipsis
685 1941 965 1982 venatoribus
986 1947 1088 1982 sunt
1109 1942 1234 1995 plura
1255 1956 1375 1997 saepe
1399 1949 1583 1997 peccata
1609 1942 1897 1996 sanguinaria,
1927 1955 1985 1983 sc.
2010 1941 2226 1995 voluptaS,

428 2036 516 2076 qua
546 2021 792 2063 delectatur
821 2020 1011 2062 videndo
1042 2022 1301 2065 effusionem
1333 2023 1556 2077 sanguinis
1586 2029 1630 2065 et
1659 2036 1838 2076 poenam
1869 2021 2069 2064 animalis
2096 2021 2226 2063 mori-

428 2103 553 2151 entis,
591 2108 634 2143 et
671 2101 809 2143 eciam
846 2101 889 2141 in
925 2101 1047 2142 vanis
1086 2109 1129 2143 et
1165 2102 1208 2143 in
1245 2103 1446 2156 turpibus
1482 2117 1602 2157 saepe
1638 2102 1883 2144 inordinate
1924 2102 2224 2154 delectantur3

427 2190 473 2226 et
508 2183 636 2224 rebus
671 2181 760 2222 suis
797 2188 841 2222 et
881 2187 1080 2235 tempore
1119 2196 1238 2236 saepe
1278 2183 1530 2235 abutuntur,
1566 2182 1791 2224 inferendo
1832 2182 1946 2224 mala
1987 2188 2031 2224 et
2072 2183 2226 2224 nociva

427 2264 556 2305 rebus
585 2269 630 2304 et
660 2261 847 2317 pasturis
877 2260 1075 2302 aliorum.

542 2343 773 2398 Quantum
800 2355 980 2396 possum
1011 2341 1055 2383 in
1083 2356 1182 2384 mea
1213 2342 1404 2385 recolere
1432 2342 1642 2384 memoria
1670 2355 1907 2396 nunquam,
1939 2356 1996 2384 sc.
2020 2343 2062 2383 in
2090 2341 2223 2395 scrip-

427 2431 524 2466 tura
555 2437 688 2475 sacra,
718 2428 971 2465 venatorem
1004 2422 1047 2463 in
1068 2422 1231 2464 bonam
1264 2429 1435 2478 partem
1465 2422 1564 2477 legi.
