2456 3210
515 235 568 279 92
1011 227 1143 264 LOCI
1178 227 1217 262 E
1255 226 1418 261 LIBRO
1467 223 1811 261 VERJTATUM.

516 371 665 413 chielis
706 375 777 427 13⁰
812 375 911 421 ca⁰.,
941 370 1144 413 ‘Violant
1195 384 1266 412 me
1314 369 1371 410 ad
1422 368 1635 423 populum
1677 381 1824 410 meum
1869 373 2049 423 propter
2098 365 2312 422 pugillum

515 452 649 503 ordei,
682 451 707 492 i.
728 466 763 493 e.
793 465 872 506 pro
905 451 1043 503 donis,
1071 457 1121 493 ut
1149 450 1428 501 vivificarent,
1459 463 1517 491 sc.
1537 449 1644 491 false
1674 448 1873 497 dicendo,
1902 448 2072 490 animas
2099 461 2199 502 quae
2224 460 2314 490 non

515 531 678 582 vivunt,
713 532 980 574 mencientes
1020 532 1186 586 populo
1223 545 1322 572 meo
1363 529 1558 572 credenti
1599 527 1867 578 mendaciis‚’·
1900 529 1926 569 i.
1948 543 1985 570 e.
2019 527 2139 570 falsis
2169 527 2314 570 verbis

515 612 702 654 violatus
737 613 860 654 Deus
896 619 1022 662 esset,
1062 619 1106 654 et
1139 611 1327 653 violatus
1368 611 1585 652 diceretur
1624 610 1659 651 si
1694 609 1969 663 voluptatem
2004 608 2173 663 peccati
2215 606 2312 649 dili-

516 697 638 746 geret
669 698 712 734 et
740 692 776 733 si
806 705 883 747 per
910 692 1016 734 talia
1045 705 1178 746 opera
1198 691 1372 733 veniam
1400 704 1524 732 suam
1546 695 1590 732 et
1614 690 1807 744 graciam
1838 689 2062 732 conferret.
2100 687 2315 733 ‘Pecunia

516 769 616 823 tua,'
644 772 783 826 inquit
810 772 997 815 Sanctus
1019 772 1184 822 Petrus,
1210 774 1219 792 ‘
1236 777 1383 814 tecum
1415 771 1472 813 sit
1504 771 1548 812 in
1576 771 1885 826 perdicionem,
1908 770 2012 824 quia
2039 769 2206 811 donum
2226 767 2314 810 Dei

516 852 778 895 existimasti
809 853 993 907 pecunia
1027 853 1238 907 possideri
1259 850 1283 903 ς’
1318 851 1518 894 Actuum
1548 849 1605 892 8⁰.
1667 850 1886 893 Converte
1919 863 2023 905 ergo
2054 863 2134 892 nos
2163 849 2221 892 ad
2251 854 2313 898 te,

517 931 557 974 O
581 932 703 974 Deus
723 933 924 975 salutaris
945 933 1116 976 noster!
1146 938 1191 975 et
1210 932 1322 974 sicut
1342 932 1470 974 fuerit
1490 930 1691 973 voluntas
1713 931 1756 972 in
1778 930 1892 973 coelo
1913 930 1975 972 sic
1995 930 2087 972 fiat.
2119 929 2283 972 Amen.

630 1011 881 1067 Septimum
922 1012 1084 1054 flumen
1126 1012 1394 1054 Babilonicae
1441 1011 1706 1054 confusionis
1753 1011 1879 1066 plura
1926 1024 2060 1065 opera
2104 1010 2223 1052 bona
2268 1015 2315 1052 et

515 1091 683 1133 animas
726 1093 955 1135 destruens
1003 1100 1048 1135 et
1095 1093 1212 1134 mala
1258 1105 1443 1134 causans
1487 1098 1555 1134 est
1601 1092 1763 1134 abusus
1809 1090 2191 1146 dispensacionum
2237 1103 2314 1131 seu

514 1171 791 1214 licenciarum
821 1173 1046 1227 papalium
1075 1179 1120 1215 et
1148 1173 1332 1214 aliorum
1362 1172 1667 1227 episcoporum
1698 1178 1743 1214 et
1773 1171 2118 1226 praesidencium.
2176 1169 2315 1212 Teste

515 1252 632 1294 enim
657 1253 857 1307 apostoli,
881 1259 925 1296 2ει
950 1253 1008 1295 ad
1031 1253 1292 1296 Corintheos
1313 1253 1482 1304 ultimo,
1503 1253 1686 1307 loquens
1707 1252 1763 1294 de
1787 1251 2012 1306 apostolis,
2038 1251 2166 1292 ‘Non
2195 1249 2313 1292 enim

515 1345 747 1386 possumus
786 1333 951 1388 aliquid
991 1333 1202 1375 adversus
1241 1333 1487 1383 veritatem,
1528 1333 1606 1374 sed
1646 1346 1727 1387 pro
1767 1331 1965 1374 veritate.
2038 1331 2313 1375 Potestatem

512 1412 632 1453 enim
664 1413 793 1455 michi
825 1414 948 1456 dedit
979 1414 1198 1455 Dominus
1233 1414 1277 1456 in
1308 1413 1651 1456 aedificacionem
1687 1419 1731 1455 et
1766 1426 1853 1454 non
1890 1412 1933 1453 in
1965 1411 2313 1454 destruccionem

514 1492 730 1533 vestram.’
792 1494 892 1535 Hoc
924 1494 982 1535 ibi
1007 1494 1234 1548 apostolus
1259 1499 1302 1536 2²²
1321 1493 1378 1536 ad
1403 1492 1665 1535 Corintheos
1694 1497 1766 1548 13⁰
1794 1496 1876 1535 ca0.
1936 1495 1950 1515 ‘
1966 1489 2140 1542 Nichil,'
2162 1489 2314 1545 inquit,

518 1576 772 1625 ‘possumus
806 1581 956 1616 contra
986 1574 1244 1624 veritatem,’
1280 1588 1338 1616 sc.
1376 1587 1456 1616 nec
1496 1574 1610 1624 vitae,
1644 1587 1724 1615 nec
1759 1579 1912 1615 contra
1945 1572 2177 1614 veritatem
2209 1571 2314 1613 doc·-

515 1652 652 1704 trinae‚
674 1666 753 1694 nec
779 1652 977 1706 justiciae,
999 1660 1048 1696 ut
1076 1654 1269 1697 declarat
1297 1654 1472 1709 egregie
1500 1654 1671 1696 Doctor
1697 1652 1939 1695 Nicholaus
1967 1651 2153 1693 Gorram
2184 1664 2315 1705 super

517 1731 765 1786 Epistolam
797 1732 1048 1775 Secundam
1079 1735 1136 1776 ad
1170 1734 1434 1777 Corintheos
1451 1749 1460 1786 ;
1501 1740 1546 1776 et
1581 1734 1680 1776 ideo
1710 1733 1816 1775 dicit
1847 1739 2023 1775 sanctus
2054 1732 2175 1786 Papa
2206 1729 2314 1773 Gre-

514 1812 661 1866 gorius
697 1826 827 1867 super
858 1813 1162 1857 Ezechielem:
1202 1815 1384 1857 ‘Pocius
1415 1815 1580 1856 oriatur
1613 1813 1884 1864 scandalum,
1914 1827 1973 1854 sc.
2004 1812 2174 1854 occasio
2209 1810 2314 1853 mali

515 1891 648 1934 fiendi
683 1906 761 1947 per
795 1893 903 1934 alios
939 1908 1072 1948 quam
1106 1895 1266 1937 veritas
1301 1895 1581 1949 relinquatur,
1614 1908 1673 1936 sc.
1711 1892 1955 1936 necessaria
1991 1899 2036 1934 et
2071 1891 2314 1946 expediens

515 1973 675 2015 veritas
706 1972 762 2014 ad
794 1972 980 2015 salutem
1011 1975 1279 2027 animarum,’
1307 1982 1356 2018 ut
1385 1982 1574 2018 testatur
1602 1974 1779 2025 ibidem,
1807 1986 2035 2027 exponens
2065 1972 2150 2014 ista
2181 1971 2314 2014 verba

517 2052 709 2103 Domini,
749 2052 917 2095 Mathei
959 2058 1055 2107 150:
1102 2054 1268 2098 ‘Sinite
1303 2055 1412 2107 illos,
1443 2069 1501 2097 sc.
1533 2054 1775 2103 Pharise0s‚
1810 2052 2106 2102 scandalizari,
2142 2052 2170 2094 i.
2183 2065 2220 2094 e.
2254 2051 2313 2095 ad

517 2132 682 2174 malum
712 2133 873 2175 moveri
907 2135 1148 2185 occasione,
1181 2149 1315 2190 quam
1353 2135 1467 2178 male
1499 2134 1719 2188 accipiunt
1755 2147 1813 2175 ex
1844 2132 1988 2174 verbis
2022 2132 2130 2174 meis
2160 2130 2314 2174 bonis.'

518 2213 673 2256 Pocius
712 2214 828 2255 enim
864 2213 1075 2255 debemus
1115 2216 1369 2269 permittere
1409 2215 1528 2257 mala
1565 2213 1668 2264 fieri,
1703 2227 1802 2267 quae
1837 2213 2049 2267 impedire
2089 2225 2176 2254 non
2211 2225 2313 2266 pos-

517 2308 677 2346 sumus,
712 2307 845 2348 quam
882 2309 909 2336 a
943 2294 1060 2335 bono
1101 2309 1279 2345 cessare,
1316 2297 1374 2338 ad
1411 2295 1530 2350 quod
1566 2300 1778 2336 tenemur.
1844 2294 1941 2335 Nec
1982 2292 2311 2335 concedendum

516 2380 582 2415 est
616 2375 783 2415 bonum
814 2387 902 2415 non
933 2375 1223 2417 necessarium
1254 2375 1358 2424 fieri,
1390 2375 1507 2417 unde
1538 2373 1624 2416 alia
1653 2373 1771 2415 bona
1806 2380 1851 2416 et
1885 2373 1997 2415 forte
2033 2371 2198 2427 majora
2231 2385 2312 2426 pro

517 2454 592 2496 illo
631 2455 749 2496 bono
788 2453 934 2496 fiendo
970 2454 1264 2497 destruuntur.
1325 2454 1580 2496 ‘Faciamus
1617 2453 1734 2495 mala
1770 2459 1818 2495 ut
1853 2453 2110 2495 habundent
2144 2449 2314 2493 bona?'

517 2534 697 2586 ‘Absit,’
718 2535 859 2589 inquit
886 2534 1123 2589 apostolus.
1184 2536 1288 2577 Non
1317 2541 1383 2577 est
1412 2548 1516 2589 ergo
1540 2534 1706 2575 bonum
1734 2533 1955 2576 absentari
1976 2547 2002 2575 a
2023 2546 2126 2575 cura
2145 2532 2312 2573 anima-

516 2628 623 2667 rum,
655 2629 734 2657 nec
776 2615 980 2657 ecclesias
1020 2620 1064 2657 et
1108 2628 1255 2656 curam
1296 2616 1541 2657 animarum
1582 2614 1746 2656 destrui
1787 2628 1865 2668 per
1903 2612 2311 2668 appropriacionem

517 2695 586 2735 vel
617 2695 913 2749 pluralitatem
941 2709 1021 2750 pro
1051 2694 1240 2737 minimis
1267 2695 1394 2737 bonis
1422 2694 1589 2736 fiendis.
1651 2693 1781 2735 Plura
1809 2695 1925 2736 enim
1955 2693 2087 2735 licent
2115 2692 2159 2733 in
2192 2696 2312 2733 certo

518 2780 727 2829 tempore,
754 2791 851 2831 quae
874 2790 961 2819 non
982 2789 1155 2830 semper
1182 2775 1315 2817 licent
1344 2788 1422 2816 nec
1445 2774 1716 2828 expediunt3
1748 2780 1792 2816 et
1823 2774 1923 2816 ideo
1948 2772 2054 2816 dicit
2074 2769 2311 2827 apostolus,
