2456 3210
732 317 866 354 LOCI
898 315 939 351 E
975 315 1144 352 LIBRO
1187 315 1537 351 VERJTATUM.
1962 319 2042 362 129

237 459 326 502 illae
363 460 548 503 talliatae
583 466 710 503 erunt
748 460 794 502 in
832 459 967 502 feodo
1005 458 1194 513 simplici
1231 458 1325 500 viro
1360 457 1422 499 illi
1454 457 1531 512 qui
1571 456 1788 499 mutuavit
1823 455 2044 510 pecunias,

237 547 285 583 et
307 539 450 584 haeres
476 541 546 584 cui
575 547 704 583 terrae
727 540 912 582 talliatae
942 540 1031 582 sint
1054 540 1117 581 sic
1146 537 1310 593 injuste
1339 537 1592 581 excluditur
1614 552 1643 580 a
1667 551 1748 579 sua
1771 537 2044 578 haereditate.

238 621 347 664 ‘Vae
378 620 463 664 illi!
505 635 584 676 per
613 634 747 676 quem
778 620 1037 663 scandalum
1060 618 1204 677 venit‚'
1236 619 1263 661 i.
1280 633 1319 661 e.
1351 619 1524 661 occasio
1553 618 1668 660 tanti
1703 617 1821 669 mali,
1856 623 1907 659 ut
1939 631 2046 659 exe-

237 707 400 756 quatur
433 702 604 744 talliare
641 707 792 751 terras,
834 708 881 743 et
914 701 1145 742 dominum
1186 699 1261 754 qui
1301 706 1371 742 est
1410 700 1455 740 in
1494 699 1627 741 feodo
1666 697 1855 753 simplici
1895 704 2046 747 terras,

238 796 350 836 quas
389 783 484 837 ipse
523 782 662 825 habet
700 782 795 824 sine
834 781 1099 832 conditione,
1133 781 1241 822 dare
1279 794 1381 822 cum
1416 779 1686 831 condicione,
1716 778 1884 821 scilicet
1925 778 2044 832 quod

237 864 351 906 tales
381 870 428 906 et
454 863 568 906 tales
596 862 792 905 habeant
821 867 923 921 post
953 875 1056 903 eum
1085 868 1225 903 terras
1254 860 1366 902 illas.

354 951 406 995 [p.
440 950 508 995 ιφ]
567 943 913 998 Exposicionem
943 943 1154 997 scriptam
1185 956 1319 984 manu
1350 943 1528 997 propria
1558 942 1695 996 ipsius
1724 941 1893 984 domini
1923 940 2047 994 Lyn-

240 1025 456 1068 coniensis
503 1024 697 1068 doctoris
746 1023 932 1066 Roberti
983 1022 1274 1074 Grosseteste,
1321 1036 1405 1077 ego
1445 1022 1644 1064 Thomas
1689 1022 1951 1076 Gascoigne‚
2002 1021 2047 1061 in

240 1106 510 1148 Eboracensi
549 1105 714 1148 diocesi
753 1105 798 1146 in
839 1104 1007 1158 Anglia
1046 1110 1187 1155 natus,
1227 1103 1318 1145 vidi
1359 1103 1565 1155 Oxoniae,
1606 1117 1722 1145 anno
1763 1102 1947 1144 Domini
1983 1106 2048 1143 m⁰

238 1268 440 1310 ordinem
461 1268 685 1310 literarum
705 1266 931 1322 alphabeti
960 1266 1120 1307 librum
1149 1279 1227 1307 seu
1251 1265 1462 1319 scriptum
1484 1265 1541 1307 de
1566 1264 1826 1307 veritatibus
1854 1262 2050 1306 collectis

240 1362 302 1390 ex
329 1362 452 1390 sacra
481 1348 695 1403 scriptura
724 1354 771 1390 et
800 1362 860 1389 ex
890 1348 1063 1401 scriptis
1092 1353 1346 1388 sanctorum
1379 1352 1423 1388 et
1453 1346 1701 1387 doctorum.

357 1435 408 1479 [p.
443 1434 510 1477 18.]
570 1433 788 1471 Licentia.
862 1427 912 1470 Si
956 1427 1070 1469 forte
1108 1427 1231 1476 dicis,
1273 1427 1395 1480 Papa
1435 1426 1664 1467 Romanus
1714 1425 1929 1468 concessit
1967 1425 2048 1466 tibi

241 1510 464 1552 licentiam
493 1509 659 1564 aliquid
686 1509 874 1551 faciendi
905 1508 977 1550 vel
1014 1521 1103 1549 non
1137 1507 1343 1557 faciendi,
1378 1521 1456 1548 seu
1492 1508 1550 1548 ad
1580 1507 1746 1560 aliquid
1781 1506 2049 1557 habendum,

240 1591 362 1644 quod
401 1589 637 1632 desideras.
710 1588 1035 1644 Respondetur,
1070 1588 1217 1641 potius
1258 1587 1626 1629 considerandum
1657 1593 1725 1629 est
1764 1587 1887 1637 illud,
1928 1586 2049 1641 quod

241 1684 360 1726 papa
385 1670 468 1713 tibi
499 1671 715 1713 concessit
741 1684 877 1725 quam
907 1670 1006 1723 quis
1036 1668 1144 1710 illud
1175 1668 1256 1710 tibi
1287 1669 1515 1720 concessit,
1537 1675 1582 1710 et
1612 1682 1730 1723 papa
1757 1674 1906 1722 potest
1933 1667 2050 1709 male

242 1757 289 1793 et
318 1765 497 1794 erronee
528 1752 761 1802 informari,
783 1757 829 1793 et
859 1751 922 1793 sic
952 1751 1151 1805 ignorare
1176 1750 1409 1792 veritatem
1438 1755 1484 1791 et
1511 1763 1654 1791 errare
1681 1750 1725 1790 in
1753 1749 2049 1799 concedendo,

241 1838 289 1874 et
322 1832 424 1874 ideo
457 1833 634 1882 diceret,
665 1833 778 1874 sicut
811 1831 929 1873 dixit
960 1830 1150 1873 Sanctus
1180 1830 1334 1872 Petrus
1364 1836 1411 1872 et
1444 1830 1592 1872 caeteri
1627 1830 1817 1884 apostoli
1847 1829 2049 1872 Actuum

242 1913 387 1967 primo
416 1918 531 1967 cap0.
559 1942 568 1951 .
591 1944 602 1954 .
624 1946 634 1956 .
655 1913 763 1964 ‘Tu‚
794 1912 1000 1963 Domine,
1030 1911 1105 1965 qui
1136 1911 1279 1962 corda,
1309 1909 1407 1953 etc.’

357 1999 403 2043 [p.
440 2000 510 2045 19.]
570 1993 871 2036 Consimiliter
910 1993 1279 2035 considerandum
1315 1999 1384 2034 est
1424 1993 1584 2046 potius,
1620 2008 1719 2048 quae
1760 2007 1878 2048 papa
1914 1992 2048 2034 vellet

243 2074 302 2115 ad
332 2075 519 2116 salutem
550 2076 797 2118 animarum
830 2081 875 2117 et
910 2076 967 2116 ad
1003 2074 1170 2115 cultum
1203 2073 1290 2115 Dei
1325 2075 1717 2128 augmentandum,
1749 2074 1906 2129 potius,
1934 2074 2046 2120 dico,

243 2160 312 2196 est
339 2154 425 2197 hoc
454 2156 835 2206 considerandum,
857 2169 992 2210 quam
1023 2155 1129 2209 quid
1150 2154 1257 2196 vult.
1310 2154 1494 2209 Cogitur
1514 2156 1632 2198 enim
1658 2156 1821 2210 pluries
1843 2155 2047 2196 dominus

243 2249 362 2290 papa
393 2241 440 2277 et
473 2236 620 2278 nimiis
653 2237 875 2279 instantiis
908 2249 1074 2290 regum,
1108 2242 1153 2277 et
1189 2235 1480 2287 dominorum,
1518 2242 1564 2278 et
1596 2251 1716 2290 saepe
1747 2234 2046 2283 cardinalium,

243 2322 291 2358 et
319 2315 718 2370 referendariorum,
738 2317 864 2372 plura
887 2317 1128 2359 concedere
1158 2329 1257 2370 quae
1284 2330 1372 2357 non
1396 2315 1568 2370 judicat
1596 2331 1655 2358 ex
1683 2317 1897 2370 scriptura
1925 2328 2047 2356 sacra

245 2409 327 2438 nec
356 2410 416 2438 ex
444 2396 620 2438 racione
648 2411 770 2440 mera
798 2397 891 2439 fore
921 2396 1216 2447 concedenda,
1247 2410 1327 2438 nec
1358 2397 1507 2439 divino
1532 2397 1698 2451 judicio
1730 2409 1934 2438 consona.

360 2482 407 2526 [p.
429 2481 500 2524 αα]
558 2476 600 2519 Ο
627 2477 822 2520 Domine
849 2478 1000 2520 Deus!
1033 2477 1226 2519 concede
1256 2484 1306 2519 ut
1335 2478 1521 2519 vicarius
1548 2486 1661 2528 tuus,
1682 2478 1886 2519 dominus
1916 2489 2045 2529 papa,

245 2556 396 2599 videat
430 2562 540 2610 quot
572 2570 733 2612 magna
763 2559 882 2601 mala
917 2565 1163 2614 sequuntur
1197 2558 1242 2599 in
1275 2558 1471 2613 pluribus
1505 2560 1611 2602 locis
1647 2566 1692 2600 et
1726 2556 1947 2599 abbathiis
1987 2571 2046 2598 ex

245 2636 484 2692 privilegiis
528 2637 591 2679 eis
634 2640 863 2691 concessis,
904 2646 950 2682 et
994 2639 1193 2690 licentiis,
1234 2646 1280 2682 et
1320 2641 1540 2694 praecipue
1581 2643 1624 2682 in
1666 2638 1857 2681 ecclesiis
1897 2638 2046 2681 cathe-

245 2717 451 2766 dralibus,
483 2717 528 2758 in
559 2717 720 2772 quibus
753 2718 910 2762 decani
940 2726 987 2763 et
1015 2720 1307 2775 praebendarii
1338 2735 1427 2764 non
1462 2722 1676 2763 obediunt
1710 2720 1918 2773 episcopo
1955 2733 2046 2770 suo,

248 2811 330 2840 nec
363 2811 444 2852 per
483 2810 586 2839 eum
618 2797 775 2841 volunt
806 2800 984 2850 visitari,
1026 2815 1108 2843 nec
1142 2802 1312 2856 corrigi,
1342 2802 1587 2858 allegantes
1627 2814 1754 2841 usum
1795 2814 2046 2854 perversum

247 2879 299 2921 in
332 2878 613 2920 -contrarium
664 2878 798 2921 fuisse
856 2881 1111 2934 admissum,
1169 2889 1214 2924 et
1275 2883 1410 2925 etiam
1464 2881 1690 2938 privilegia
1749 2882 1924 2935 papalia
1983 2883 2046 2924 eis

1132 2960 1155 2992 S
