<?xml version="1.0" encoding="UTF-8"?>
<!DOCTYPE html PUBLIC "-//W3C//DTD XHTML 1.0 Transitional//EN"
    "http://www.w3.org/TR/xhtml1/DTD/xhtml1-transitional.dtd">
<html xmlns="http://www.w3.org/1999/xhtml" xml:lang="en" lang="en">
 <head>
  <title>
</title>
<meta http-equiv="Content-Type" content="text/html;charset=utf-8" />
  <meta name='ocr-system' content='tesseract 3.04.00' />
  <meta name='ocr-capabilities' content='ocr_page ocr_carea ocr_par ocr_line ocrx_word'/>
</head>
<body>
  <div class='ocr_page' id='page_1' title='image "./locielibroverita00gascuoft_0145.png"; bbox 0 0 2456 3210; ppageno 0'>
   <div class='ocr_carea' id='block_1_1' title="bbox 627 253 1930 301">
    <p class='ocr_par' dir='ltr' id='par_1_1' title="bbox 627 253 1930 301">
     <span class='ocr_line' id='line_1_1' title="bbox 627 253 1930 301; baseline 0.002 -12"><span class='ocrx_word' id='word_1_1' title='bbox 627 253 758 290; x_wconf 76' lang='lat' dir='ltr'>LOCI</span> <span class='ocrx_word' id='word_1_2' title='bbox 791 254 831 289; x_wconf 83' lang='lat' dir='ltr'><em>E</em></span> <span class='ocrx_word' id='word_1_3' title='bbox 868 254 1035 290; x_wconf 83' lang='lat' dir='ltr'><em>LIBRO</em></span> <span class='ocrx_word' id='word_1_4' title='bbox 1081 253 1425 291; x_wconf 74' lang='lat' dir='ltr'><em>VERJTATUM.</em></span> <span class='ocrx_word' id='word_1_5' title='bbox 1873 256 1930 301; x_wconf 80' lang='lat'>43</span> 
     </span>
    </p>
   </div>
   <div class='ocr_carea' id='block_1_2' title="bbox 53 394 1959 2614">
    <p class='ocr_par' dir='ltr' id='par_1_2' title="bbox 53 394 1959 2614">
     <span class='ocr_line' id='line_1_2' title="bbox 128 394 1927 452; baseline 0.001 -15"><span class='ocrx_word' id='word_1_6' title='bbox 128 394 442 440; x_wconf 86' lang='lat' dir='ltr'>ecclesiasticos</span> <span class='ocrx_word' id='word_1_7' title='bbox 457 397 486 450; x_wconf 79' lang='lat'>3’</span> <span class='ocrx_word' id='word_1_8' title='bbox 516 406 560 441; x_wconf 88' lang='lat' dir='ltr'>et</span> <span class='ocrx_word' id='word_1_9' title='bbox 586 399 671 442; x_wconf 87' lang='lat' dir='ltr'>hoc</span> <span class='ocrx_word' id='word_1_10' title='bbox 697 400 855 442; x_wconf 87' lang='lat' dir='ltr'>salsum</span> <span class='ocrx_word' id='word_1_11' title='bbox 883 401 1081 443; x_wconf 89' lang='lat' dir='ltr'>dicentes</span> <span class='ocrx_word' id='word_1_12' title='bbox 1105 400 1336 443; x_wconf 91' lang='lat' dir='ltr'>voluerunt</span> <span class='ocrx_word' id='word_1_13' title='bbox 1364 400 1615 442; x_wconf 86' lang='lat' dir='ltr'>sacerdotes</span> <span class='ocrx_word' id='word_1_14' title='bbox 1643 404 1688 441; x_wconf 92' lang='lat' dir='ltr'>et</span> <span class='ocrx_word' id='word_1_15' title='bbox 1719 397 1927 452; x_wconf 82' lang='lat' dir='ltr'><strong>episcopi,</strong></span> 
     </span>
     <span class='ocr_line' id='line_1_3' title="bbox 126 474 1928 533; baseline 0 -17"><span class='ocrx_word' id='word_1_16' title='bbox 126 474 247 527; x_wconf 87' lang='lat' dir='ltr'>quod</span> <span class='ocrx_word' id='word_1_17' title='bbox 267 489 541 531; x_wconf 83' lang='lat' dir='ltr'>quaecunque</span> <span class='ocrx_word' id='word_1_18' title='bbox 568 477 649 532; x_wconf 88' lang='lat' dir='ltr'>ipsi</span> <span class='ocrx_word' id='word_1_19' title='bbox 670 479 823 520; x_wconf 92' lang='lat' dir='ltr'>dicunt</span> <span class='ocrx_word' id='word_1_20' title='bbox 853 484 897 520; x_wconf 91' lang='lat' dir='ltr'>et</span> <span class='ocrx_word' id='word_1_21' title='bbox 917 478 1092 528; x_wconf 86' lang='lat' dir='ltr'>faciunt,</span> <span class='ocrx_word' id='word_1_22' title='bbox 1114 478 1363 521; x_wconf 85' lang='lat' dir='ltr'>dicerentur</span> <span class='ocrx_word' id='word_1_23' title='bbox 1391 478 1435 519; x_wconf 90' lang='lat' dir='ltr'>in</span> <span class='ocrx_word' id='word_1_24' title='bbox 1463 477 1629 533; x_wconf 89' lang='lat' dir='ltr'>populo</span> <span class='ocrx_word' id='word_1_25' title='bbox 1657 490 1753 519; x_wconf 88' lang='lat' dir='ltr'>esse</span> <span class='ocrx_word' id='word_1_26' title='bbox 1782 474 1928 525; x_wconf 78' lang='lat' dir='ltr'>bona3</span> 
     </span>
     <span class='ocr_line' id='line_1_4' title="bbox 126 554 1928 614; baseline 0 -18"><span class='ocrx_word' id='word_1_27' title='bbox 126 561 172 597; x_wconf 82' lang='lat' dir='ltr'>et</span> <span class='ocrx_word' id='word_1_28' title='bbox 192 554 303 598; x_wconf 90' lang='lat' dir='ltr'>tales</span> <span class='ocrx_word' id='word_1_29' title='bbox 334 570 420 598; x_wconf 89' lang='lat' dir='ltr'>non</span> <span class='ocrx_word' id='word_1_30' title='bbox 450 558 739 609; x_wconf 84' lang='lat' dir='ltr'>considerant,</span> <span class='ocrx_word' id='word_1_31' title='bbox 760 559 879 612; x_wconf 90' lang='lat' dir='ltr'>quod</span> <span class='ocrx_word' id='word_1_32' title='bbox 910 559 1010 600; x_wconf 92' lang='lat' dir='ltr'>ideo</span> <span class='ocrx_word' id='word_1_33' title='bbox 1040 566 1143 600; x_wconf 90' lang='lat' dir='ltr'>sunt</span> <span class='ocrx_word' id='word_1_34' title='bbox 1172 559 1364 614; x_wconf 82' lang='lat' dir='ltr'>episcopi</span> <span class='ocrx_word' id='word_1_35' title='bbox 1384 559 1441 601; x_wconf 73' lang='lat' dir='ltr'>‘et</span> <span class='ocrx_word' id='word_1_36' title='bbox 1470 559 1721 600; x_wconf 84' lang='lat' dir='ltr'>sacerdotes</span> <span class='ocrx_word' id='word_1_37' title='bbox 1751 556 1795 598; x_wconf 86' lang='lat' dir='ltr'>in</span> <span class='ocrx_word' id='word_1_38' title='bbox 1824 569 1928 597; x_wconf 88' lang='lat' dir='ltr'>con-</span> 
     </span>
     <span class='ocr_line' id='line_1_5' title="bbox 98 637 1926 694; baseline 0.001 -19"><span class='ocrx_word' id='word_1_39' title='bbox 98 640 299 689; x_wconf 83' lang='lat' dir='ltr'>-temptu</span> <span class='ocrx_word' id='word_1_40' title='bbox 331 644 376 678; x_wconf 91' lang='lat' dir='ltr'>et</span> <span class='ocrx_word' id='word_1_41' title='bbox 406 637 449 678; x_wconf 89' lang='lat' dir='ltr'>in</span> <span class='ocrx_word' id='word_1_42' title='bbox 478 638 593 687; x_wconf 90' lang='lat' dir='ltr'>odio,</span> <span class='ocrx_word' id='word_1_43' title='bbox 616 639 719 692; x_wconf 88' lang='lat' dir='ltr'>quia</span> <span class='ocrx_word' id='word_1_44' title='bbox 748 639 885 680; x_wconf 87' lang='lat' dir='ltr'>vitam</span> <span class='ocrx_word' id='word_1_45' title='bbox 915 639 1078 680; x_wconf 90' lang='lat' dir='ltr'>bonam</span> <span class='ocrx_word' id='word_1_46' title='bbox 1109 639 1409 694; x_wconf 84' lang='lat' dir='ltr'>exemplarem</span> <span class='ocrx_word' id='word_1_47' title='bbox 1439 653 1528 681; x_wconf 89' lang='lat' dir='ltr'>non</span> <span class='ocrx_word' id='word_1_48' title='bbox 1559 637 1815 685; x_wconf 90' lang='lat' dir='ltr'>ostendunt,</span> <span class='ocrx_word' id='word_1_49' title='bbox 1846 648 1926 677; x_wconf 91' lang='lat' dir='ltr'>nec</span> 
     </span>
     <span class='ocr_line' id='line_1_6' title="bbox 125 715 1927 775; baseline 0 -19"><span class='ocrx_word' id='word_1_50' title='bbox 125 715 371 758; x_wconf 83' lang='lat' dir='ltr'>doctrinam</span> <span class='ocrx_word' id='word_1_51' title='bbox 402 718 565 772; x_wconf 91' lang='lat' dir='ltr'>populo</span> <span class='ocrx_word' id='word_1_52' title='bbox 595 719 808 773; x_wconf 62' lang='lat' dir='ltr'>praebent,</span> <span class='ocrx_word' id='word_1_53' title='bbox 838 720 916 760; x_wconf 89' lang='lat' dir='ltr'>sed</span> <span class='ocrx_word' id='word_1_54' title='bbox 951 720 1158 774; x_wconf 83' lang='lat' dir='ltr'>pecunias</span> <span class='ocrx_word' id='word_1_55' title='bbox 1192 720 1417 775; x_wconf 87' lang='lat' dir='ltr'>colligunt,</span> <span class='ocrx_word' id='word_1_56' title='bbox 1450 726 1495 762; x_wconf 92' lang='lat' dir='ltr'>et</span> <span class='ocrx_word' id='word_1_57' title='bbox 1526 720 1570 760; x_wconf 88' lang='lat' dir='ltr'>in</span> <span class='ocrx_word' id='word_1_58' title='bbox 1606 718 1697 760; x_wconf 91' lang='lat' dir='ltr'>suis</span> <span class='ocrx_word' id='word_1_59' title='bbox 1732 716 1927 759; x_wconf 85' lang='lat' dir='ltr'>ecclesiis</span> 
     </span>
     <span class='ocr_line' id='line_1_7' title="bbox 53 796 1927 853; baseline 0.002 -20"><span class='ocrx_word' id='word_1_60' title='bbox 53 823 61 833; x_wconf 81' lang='grc'><em>,</em></span> <span class='ocrx_word' id='word_1_61' title='bbox 103 807 207 837; x_wconf 86' lang='lat' dir='ltr'>-nec</span> <span class='ocrx_word' id='word_1_62' title='bbox 237 797 438 846; x_wconf 89' lang='lat' dir='ltr'>resident,</span> <span class='ocrx_word' id='word_1_63' title='bbox 469 812 548 840; x_wconf 93' lang='lat' dir='ltr'>nec</span> <span class='ocrx_word' id='word_1_64' title='bbox 573 798 922 853; x_wconf 83' lang='lat' dir='ltr'>hospitalitatem</span> <span class='ocrx_word' id='word_1_65' title='bbox 950 797 1114 843; x_wconf 84' lang='lat' dir='ltr'>tenent.</span> <span class='ocrx_word' id='word_1_66' title='bbox 1175 801 1246 843; x_wconf 93' lang='lat' dir='ltr'>De</span> <span class='ocrx_word' id='word_1_67' title='bbox 1273 801 1435 843; x_wconf 87' lang='lat' dir='ltr'>talibus</span> <span class='ocrx_word' id='word_1_68' title='bbox 1466 800 1574 843; x_wconf 90' lang='lat' dir='ltr'>dicit</span> <span class='ocrx_word' id='word_1_69' title='bbox 1602 799 1725 841; x_wconf 91' lang='lat' dir='ltr'>Deus</span> <span class='ocrx_word' id='word_1_70' title='bbox 1753 797 1797 839; x_wconf 90' lang='lat' dir='ltr'>in</span> <span class='ocrx_word' id='word_1_71' title='bbox 1826 796 1927 838; x_wconf 92' lang='lat' dir='ltr'>Ma-</span> 
     </span>
     <span class='ocr_line' id='line_1_8' title="bbox 126 874 1217 934; baseline 0.006 -18"><span class='ocrx_word' id='word_1_72' title='bbox 126 874 269 918; x_wconf 86' lang='lat' dir='ltr'>lachia</span> <span class='ocrx_word' id='word_1_73' title='bbox 292 881 351 926; x_wconf 86' lang='lat'>2⁰,</span> <span class='ocrx_word' id='word_1_74' title='bbox 371 882 382 900; x_wconf 89' lang='lat'>‘</span> <span class='ocrx_word' id='word_1_75' title='bbox 395 878 571 920; x_wconf 89' lang='lat' dir='ltr'>Irritum</span> <span class='ocrx_word' id='word_1_76' title='bbox 593 879 755 922; x_wconf 89' lang='lat' dir='ltr'>fecistis</span> <span class='ocrx_word' id='word_1_77' title='bbox 776 886 954 934; x_wconf 91' lang='lat' dir='ltr'>pactum</span> <span class='ocrx_word' id='word_1_78' title='bbox 977 879 1112 930; x_wconf 87' lang='lat' dir='ltr'>Levi,’</span> <span class='ocrx_word' id='word_1_79' title='bbox 1132 887 1217 923; x_wconf 88' lang='lat' dir='ltr'>etc.</span> 
     </span>
     <span class='ocr_line' id='line_1_9' title="bbox 242 957 1926 1015; baseline -0.001 -17"><span class='ocrx_word' id='word_1_80' title='bbox 242 962 296 1007; x_wconf 84' lang='lat' dir='ltr'>[p.</span> <span class='ocrx_word' id='word_1_81' title='bbox 317 964 414 1008; x_wconf 86' lang='lat'>407.]</span> <span class='ocrx_word' id='word_1_82' title='bbox 474 958 780 1001; x_wconf 84' lang='lat' dir='ltr'>communitas</span> <span class='ocrx_word' id='word_1_83' title='bbox 804 960 920 1001; x_wconf 91' lang='lat' dir='ltr'>enim</span> <span class='ocrx_word' id='word_1_84' title='bbox 949 961 993 1001; x_wconf 90' lang='lat' dir='ltr'>in</span> <span class='ocrx_word' id='word_1_85' title='bbox 1014 959 1181 1015; x_wconf 88' lang='lat' dir='ltr'>Anglia</span> <span class='ocrx_word' id='word_1_86' title='bbox 1209 963 1399 1004; x_wconf 86' lang='lat' dir='ltr'>surrexit</span> <span class='ocrx_word' id='word_1_87' title='bbox 1429 969 1582 1003; x_wconf 90' lang='lat' dir='ltr'>contra</span> <span class='ocrx_word' id='word_1_88' title='bbox 1609 957 1926 1002; x_wconf 86' lang='lat' dir='ltr'>ecclesiasticos</span> 
     </span>
     <span class='ocr_line' id='line_1_10' title="bbox 125 1037 1926 1095; baseline 0.001 -18"><span class='ocrx_word' id='word_1_89' title='bbox 125 1047 243 1078; x_wconf 85' lang='lat' dir='ltr'>anno</span> <span class='ocrx_word' id='word_1_90' title='bbox 274 1037 353 1080; x_wconf 93' lang='lat' dir='ltr'>Xti</span> <span class='ocrx_word' id='word_1_91' title='bbox 385 1047 505 1092; x_wconf 87' lang='lat'>1450,</span> <span class='ocrx_word' id='word_1_92' title='bbox 531 1041 634 1095; x_wconf 89' lang='lat' dir='ltr'>quia</span> <span class='ocrx_word' id='word_1_93' title='bbox 663 1041 858 1095; x_wconf 88' lang='lat' dir='ltr'>episcopi</span> <span class='ocrx_word' id='word_1_94' title='bbox 894 1048 938 1083; x_wconf 89' lang='lat' dir='ltr'>et</span> <span class='ocrx_word' id='word_1_95' title='bbox 971 1049 1160 1084; x_wconf 90' lang='lat' dir='ltr'>rectores</span> <span class='ocrx_word' id='word_1_96' title='bbox 1193 1043 1237 1084; x_wconf 89' lang='lat' dir='ltr'>in</span> <span class='ocrx_word' id='word_1_97' title='bbox 1270 1044 1360 1084; x_wconf 88' lang='lat' dir='ltr'>suis</span> <span class='ocrx_word' id='word_1_98' title='bbox 1394 1043 1508 1085; x_wconf 87' lang='lat' dir='ltr'>curis</span> <span class='ocrx_word' id='word_1_99' title='bbox 1543 1056 1631 1084; x_wconf 91' lang='lat' dir='ltr'>non</span> <span class='ocrx_word' id='word_1_100' title='bbox 1673 1038 1926 1082; x_wconf 85' lang='lat' dir='ltr'>residebant</span> 
     </span>
     <span class='ocr_line' id='line_1_11' title="bbox 126 1117 1959 1178; baseline 0.001 -20"><span class='ocrx_word' id='word_1_101' title='bbox 126 1117 203 1159; x_wconf 84' lang='lat' dir='ltr'>sed</span> <span class='ocrx_word' id='word_1_102' title='bbox 234 1117 278 1159; x_wconf 90' lang='lat' dir='ltr'>in</span> <span class='ocrx_word' id='word_1_103' title='bbox 303 1119 436 1161; x_wconf 90' lang='lat' dir='ltr'>domo</span> <span class='ocrx_word' id='word_1_104' title='bbox 467 1122 579 1175; x_wconf 85' lang='lat' dir='ltr'>regis</span> <span class='ocrx_word' id='word_1_105' title='bbox 607 1128 651 1163; x_wconf 90' lang='lat' dir='ltr'>et</span> <span class='ocrx_word' id='word_1_106' title='bbox 672 1122 978 1173; x_wconf 84' lang='lat' dir='ltr'>dominorum3</span> <span class='ocrx_word' id='word_1_107' title='bbox 1011 1121 1125 1164; x_wconf 82' lang='lat' dir='ltr'>Item</span> <span class='ocrx_word' id='word_1_108' title='bbox 1147 1123 1250 1177; x_wconf 90' lang='lat' dir='ltr'>quia</span> <span class='ocrx_word' id='word_1_109' title='bbox 1277 1123 1629 1178; x_wconf 88' lang='lat' dir='ltr'>hospitalitatem</span> <span class='ocrx_word' id='word_1_110' title='bbox 1658 1134 1747 1162; x_wconf 90' lang='lat' dir='ltr'>non</span> <span class='ocrx_word' id='word_1_111' title='bbox 1772 1126 1926 1161; x_wconf 88' lang='lat' dir='ltr'>tenue·</span> <span class='ocrx_word' id='word_1_112' title='bbox 1943 1147 1959 1154; x_wconf 64' lang='lat'><em>-</em></span> 
     </span>
     <span class='ocr_line' id='line_1_12' title="bbox 126 1198 1926 1259; baseline -0.001 -19"><span class='ocrx_word' id='word_1_113' title='bbox 126 1203 256 1251; x_wconf 87' lang='lat' dir='ltr'>runt3</span> <span class='ocrx_word' id='word_1_114' title='bbox 289 1200 402 1242; x_wconf 89' lang='lat' dir='ltr'>Item</span> <span class='ocrx_word' id='word_1_115' title='bbox 423 1202 527 1255; x_wconf 89' lang='lat' dir='ltr'>quia</span> <span class='ocrx_word' id='word_1_116' title='bbox 545 1203 680 1244; x_wconf 90' lang='lat' dir='ltr'>verbo</span> <span class='ocrx_word' id='word_1_117' title='bbox 708 1210 753 1244; x_wconf 93' lang='lat' dir='ltr'>et</span> <span class='ocrx_word' id='word_1_118' title='bbox 783 1209 936 1244; x_wconf 89' lang='lat' dir='ltr'>sancto</span> <span class='ocrx_word' id='word_1_119' title='bbox 968 1203 1176 1257; x_wconf 87' lang='lat' dir='ltr'>exemplo</span> <span class='ocrx_word' id='word_1_120' title='bbox 1204 1218 1292 1246; x_wconf 88' lang='lat' dir='ltr'>non</span> <span class='ocrx_word' id='word_1_121' title='bbox 1323 1203 1651 1259; x_wconf 80' lang='lat' dir='ltr'>praedicabant3</span> <span class='ocrx_word' id='word_1_122' title='bbox 1682 1199 1799 1242; x_wconf 85' lang='lat' dir='ltr'>Item</span> <span class='ocrx_word' id='word_1_123' title='bbox 1820 1198 1926 1252; x_wconf 86' lang='lat' dir='ltr'>quia</span> 
     </span>
     <span class='ocr_line' id='line_1_13' title="bbox 104 1278 1923 1338; baseline 0 -18"><span class='ocrx_word' id='word_1_124' title='bbox 104 1278 169 1320; x_wconf 79' lang='lat' dir='ltr'>-in</span> <span class='ocrx_word' id='word_1_125' title='bbox 191 1282 360 1335; x_wconf 84' lang='lat' dir='ltr'>magnis</span> <span class='ocrx_word' id='word_1_126' title='bbox 379 1284 569 1336; x_wconf 90' lang='lat' dir='ltr'>peccatis</span> <span class='ocrx_word' id='word_1_127' title='bbox 588 1282 915 1335; x_wconf 90' lang='lat' dir='ltr'>habundabant,</span> <span class='ocrx_word' id='word_1_128' title='bbox 937 1290 982 1326; x_wconf 88' lang='lat' dir='ltr'>et</span> <span class='ocrx_word' id='word_1_129' title='bbox 1003 1284 1143 1326; x_wconf 90' lang='lat' dir='ltr'>eciam</span> <span class='ocrx_word' id='word_1_130' title='bbox 1163 1285 1207 1326; x_wconf 91' lang='lat' dir='ltr'>in</span> <span class='ocrx_word' id='word_1_131' title='bbox 1229 1285 1396 1327; x_wconf 91' lang='lat' dir='ltr'>diviciis</span> <span class='ocrx_word' id='word_1_132' title='bbox 1427 1292 1473 1327; x_wconf 91' lang='lat' dir='ltr'>et</span> <span class='ocrx_word' id='word_1_133' title='bbox 1504 1285 1548 1326; x_wconf 90' lang='lat' dir='ltr'>in</span> <span class='ocrx_word' id='word_1_134' title='bbox 1569 1282 1744 1338; x_wconf 91' lang='lat' dir='ltr'>pompis</span> <span class='ocrx_word' id='word_1_135' title='bbox 1762 1298 1773 1331; x_wconf 82' lang='lat'><em>3</em></span> <span class='ocrx_word' id='word_1_136' title='bbox 1807 1280 1923 1321; x_wconf 89' lang='lat' dir='ltr'>Item</span> 
     </span>
     <span class='ocr_line' id='line_1_14' title="bbox 123 1347 1927 1419; baseline 0 -19"><span class='ocrx_word' id='word_1_137' title='bbox 123 1358 228 1413; x_wconf 84' lang='lat' dir='ltr'>quia</span> <span class='ocrx_word' id='word_1_138' title='bbox 261 1360 421 1404; x_wconf 88' lang='lat' dir='ltr'>defecit</span> <span class='ocrx_word' id='word_1_139' title='bbox 451 1362 628 1416; x_wconf 83' lang='lat' dir='ltr'>justicia</span> <span class='ocrx_word' id='word_1_140' title='bbox 665 1371 710 1406; x_wconf 91' lang='lat' dir='ltr'>et</span> <span class='ocrx_word' id='word_1_141' title='bbox 744 1364 955 1406; x_wconf 88' lang='lat' dir='ltr'>correctio</span> <span class='ocrx_word' id='word_1_142' title='bbox 984 1366 1166 1418; x_wconf 91' lang='lat' dir='ltr'>peccati,</span> <span class='ocrx_word' id='word_1_143' title='bbox 1197 1347 1330 1419; x_wconf 88' lang='lat' dir='ltr'>quam</span> <span class='ocrx_word' id='word_1_144' title='bbox 1359 1365 1441 1419; x_wconf 90' lang='lat' dir='ltr'>ipsi</span> <span class='ocrx_word' id='word_1_145' title='bbox 1477 1364 1614 1407; x_wconf 91' lang='lat' dir='ltr'>curati</span> <span class='ocrx_word' id='word_1_146' title='bbox 1651 1369 1696 1404; x_wconf 91' lang='lat' dir='ltr'>et</span> <span class='ocrx_word' id='word_1_147' title='bbox 1729 1359 1927 1415; x_wconf 86' lang='lat' dir='ltr'>episcopi</span> 
     </span>
     <span class='ocr_line' id='line_1_15' title="bbox 123 1438 1924 1499; baseline 0.001 -19"><span class='ocrx_word' id='word_1_148' title='bbox 123 1438 345 1493; x_wconf 72' lang='lat' dir='ltr'>fecissent,</span> <span class='ocrx_word' id='word_1_149' title='bbox 358 1444 394 1484; x_wconf 92' lang='lat' dir='ltr'>si</span> <span class='ocrx_word' id='word_1_150' title='bbox 423 1443 689 1498; x_wconf 87' lang='lat' dir='ltr'>necligencia</span> <span class='ocrx_word' id='word_1_151' title='bbox 717 1451 761 1486; x_wconf 89' lang='lat' dir='ltr'>et</span> <span class='ocrx_word' id='word_1_152' title='bbox 791 1458 971 1485; x_wconf 88' lang='lat' dir='ltr'>munera</span> <span class='ocrx_word' id='word_1_153' title='bbox 991 1451 1036 1486; x_wconf 89' lang='lat' dir='ltr'>et</span> <span class='ocrx_word' id='word_1_154' title='bbox 1056 1445 1190 1486; x_wconf 91' lang='lat' dir='ltr'>timor</span> <span class='ocrx_word' id='word_1_155' title='bbox 1216 1446 1510 1499; x_wconf 88' lang='lat' dir='ltr'>displicenciae</span> <span class='ocrx_word' id='word_1_156' title='bbox 1538 1459 1614 1486; x_wconf 91' lang='lat' dir='ltr'>eos</span> <span class='ocrx_word' id='word_1_157' title='bbox 1641 1456 1729 1485; x_wconf 89' lang='lat' dir='ltr'>non</span> <span class='ocrx_word' id='word_1_158' title='bbox 1755 1447 1924 1483; x_wconf 87' lang='lat' dir='ltr'>retrax-</span> 
     </span>
     <span class='ocr_line' id='line_1_16' title="bbox 123 1519 1923 1580; baseline -0.001 -17"><span class='ocrx_word' id='word_1_159' title='bbox 123 1519 285 1573; x_wconf 78' lang='lat' dir='ltr'>issent3</span> <span class='ocrx_word' id='word_1_160' title='bbox 321 1523 437 1565; x_wconf 91' lang='lat' dir='ltr'>Item</span> <span class='ocrx_word' id='word_1_161' title='bbox 463 1525 566 1579; x_wconf 91' lang='lat' dir='ltr'>quia</span> <span class='ocrx_word' id='word_1_162' title='bbox 587 1525 765 1580; x_wconf 89' lang='lat' dir='ltr'>justicia</span> <span class='ocrx_word' id='word_1_163' title='bbox 791 1525 951 1567; x_wconf 88' lang='lat' dir='ltr'>defecit</span> <span class='ocrx_word' id='word_1_164' title='bbox 978 1525 1023 1566; x_wconf 93' lang='lat' dir='ltr'>in</span> <span class='ocrx_word' id='word_1_165' title='bbox 1051 1526 1240 1567; x_wconf 90' lang='lat' dir='ltr'>dominis</span> <span class='ocrx_word' id='word_1_166' title='bbox 1267 1533 1312 1567; x_wconf 91' lang='lat' dir='ltr'>et</span> <span class='ocrx_word' id='word_1_167' title='bbox 1337 1527 1381 1567; x_wconf 92' lang='lat' dir='ltr'>in</span> <span class='ocrx_word' id='word_1_168' title='bbox 1406 1526 1638 1580; x_wconf 86' lang='lat' dir='ltr'>judicibus,</span> <span class='ocrx_word' id='word_1_169' title='bbox 1661 1529 1706 1566; x_wconf 92' lang='lat' dir='ltr'>et</span> <span class='ocrx_word' id='word_1_170' title='bbox 1733 1520 1923 1577; x_wconf 87' lang='lat' dir='ltr'>querelae</span> 
     </span>
     <span class='ocr_line' id='line_1_17' title="bbox 59 1599 1924 1661; baseline 0 -19"><span class='ocrx_word' id='word_1_171' title='bbox 59 1654 65 1661; x_wconf 40' lang='lat'><strong>.</strong></span> <span class='ocrx_word' id='word_1_172' title='bbox 123 1599 252 1645; x_wconf 82' lang='lat' dir='ltr'>factae</span> <span class='ocrx_word' id='word_1_173' title='bbox 270 1602 446 1647; x_wconf 85' lang='lat' dir='ltr'>fuerunt</span> <span class='ocrx_word' id='word_1_174' title='bbox 464 1619 547 1660; x_wconf 89' lang='lat' dir='ltr'>per</span> <span class='ocrx_word' id='word_1_175' title='bbox 566 1606 711 1660; x_wconf 91' lang='lat' dir='ltr'>plures</span> <span class='ocrx_word' id='word_1_176' title='bbox 736 1606 939 1660; x_wconf 87' lang='lat' dir='ltr'>injuriam</span> <span class='ocrx_word' id='word_1_177' title='bbox 959 1607 1182 1660; x_wconf 88' lang='lat' dir='ltr'>pacientes</span> <span class='ocrx_word' id='word_1_178' title='bbox 1202 1607 1279 1649; x_wconf 90' lang='lat' dir='ltr'>sed</span> <span class='ocrx_word' id='word_1_179' title='bbox 1301 1608 1542 1649; x_wconf 91' lang='lat' dir='ltr'>remedium</span> <span class='ocrx_word' id='word_1_180' title='bbox 1565 1619 1654 1647; x_wconf 88' lang='lat' dir='ltr'>non</span> <span class='ocrx_word' id='word_1_181' title='bbox 1672 1604 1924 1646; x_wconf 90' lang='lat' dir='ltr'>habuerunt</span> 
     </span>
     <span class='ocr_line' id='line_1_18' title="bbox 124 1669 1954 1741; baseline 0.001 -17"><span class='ocrx_word' id='word_1_182' title='bbox 124 1691 205 1724; x_wconf 86' lang='lat' dir='ltr'>nec</span> <span class='ocrx_word' id='word_1_183' title='bbox 235 1669 593 1728; x_wconf 82' lang='lat' dir='ltr'>reformacionem</span> <span class='ocrx_word' id='word_1_184' title='bbox 626 1686 758 1739; x_wconf 83' lang='lat' dir='ltr'>mali3</span> <span class='ocrx_word' id='word_1_185' title='bbox 791 1688 906 1729; x_wconf 90' lang='lat' dir='ltr'>Item</span> <span class='ocrx_word' id='word_1_186' title='bbox 937 1687 1166 1741; x_wconf 88' lang='lat' dir='ltr'>pluralitas</span> <span class='ocrx_word' id='word_1_187' title='bbox 1197 1688 1520 1740; x_wconf 89' lang='lat' dir='ltr'>beneficiorum,</span> <span class='ocrx_word' id='word_1_188' title='bbox 1546 1694 1590 1730; x_wconf 90' lang='lat' dir='ltr'>et</span> <span class='ocrx_word' id='word_1_189' title='bbox 1619 1684 1954 1741; x_wconf 59' lang='lat' dir='ltr'>appropriacio-</span> 
     </span>
     <span class='ocr_line' id='line_1_19' title="bbox 123 1761 1923 1821; baseline 0.001 -18"><span class='ocrx_word' id='word_1_190' title='bbox 123 1761 401 1805; x_wconf 86' lang='lat' dir='ltr'>ecclesiarum</span> <span class='ocrx_word' id='word_1_191' title='bbox 445 1766 774 1820; x_wconf 88' lang='lat' dir='ltr'>parochialium,</span> <span class='ocrx_word' id='word_1_192' title='bbox 815 1774 862 1809; x_wconf 90' lang='lat' dir='ltr'>et</span> <span class='ocrx_word' id='word_1_193' title='bbox 900 1767 1072 1821; x_wconf 90' lang='lat' dir='ltr'>empcio</span> <span class='ocrx_word' id='word_1_194' title='bbox 1111 1768 1422 1810; x_wconf 87' lang='lat' dir='ltr'>beneficiorum</span> <span class='ocrx_word' id='word_1_195' title='bbox 1467 1768 1644 1809; x_wconf 88' lang='lat' dir='ltr'>fuerunt</span> <span class='ocrx_word' id='word_1_196' title='bbox 1688 1765 1923 1820; x_wconf 87' lang='lat' dir='ltr'>praecipuae</span> 
     </span>
     <span class='ocr_line' id='line_1_20' title="bbox 99 1845 1922 1903; baseline 0 -19"><span class='ocrx_word' id='word_1_197' title='bbox 99 1845 279 1895; x_wconf 72' lang='lat' dir='ltr'>-causae,</span> <span class='ocrx_word' id='word_1_198' title='bbox 310 1851 360 1887; x_wconf 92' lang='lat' dir='ltr'>ut</span> <span class='ocrx_word' id='word_1_199' title='bbox 394 1845 617 1896; x_wconf 88' lang='lat' dir='ltr'>dixerunt,</span> <span class='ocrx_word' id='word_1_200' title='bbox 652 1860 744 1888; x_wconf 83' lang='lat' dir='ltr'>suae</span> <span class='ocrx_word' id='word_1_201' title='bbox 783 1846 1114 1889; x_wconf 88' lang='lat' dir='ltr'>insurreccionis</span> <span class='ocrx_word' id='word_1_202' title='bbox 1153 1848 1198 1889; x_wconf 91' lang='lat' dir='ltr'>in</span> <span class='ocrx_word' id='word_1_203' title='bbox 1237 1861 1373 1903; x_wconf 86' lang='lat' dir='ltr'>regno</span> <span class='ocrx_word' id='word_1_204' title='bbox 1410 1855 1514 1890; x_wconf 89' lang='lat' dir='ltr'>tunc</span> <span class='ocrx_word' id='word_1_205' title='bbox 1548 1845 1754 1901; x_wconf 81' lang='lat' dir='ltr'>Angliae3</span> <span class='ocrx_word' id='word_1_206' title='bbox 1806 1845 1922 1886; x_wconf 92' lang='lat' dir='ltr'>Item</span> 
     </span>
     <span class='ocr_line' id='line_1_21' title="bbox 123 1925 1920 1983; baseline 0.001 -19"><span class='ocrx_word' id='word_1_207' title='bbox 123 1925 302 1977; x_wconf 85' lang='lat' dir='ltr'>propter</span> <span class='ocrx_word' id='word_1_208' title='bbox 329 1926 555 1979; x_wconf 87' lang='lat' dir='ltr'>penuriam</span> <span class='ocrx_word' id='word_1_209' title='bbox 586 1939 792 1982; x_wconf 87' lang='lat' dir='ltr'>magnam</span> <span class='ocrx_word' id='word_1_210' title='bbox 824 1927 1013 1968; x_wconf 87' lang='lat' dir='ltr'>surrexit</span> <span class='ocrx_word' id='word_1_211' title='bbox 1041 1933 1149 1969; x_wconf 91' lang='lat' dir='ltr'>tunc</span> <span class='ocrx_word' id='word_1_212' title='bbox 1176 1928 1377 1983; x_wconf 90' lang='lat' dir='ltr'>populus,</span> <span class='ocrx_word' id='word_1_213' title='bbox 1397 1942 1496 1983; x_wconf 82' lang='lat' dir='ltr'>quae</span> <span class='ocrx_word' id='word_1_214' title='bbox 1525 1941 1605 1982; x_wconf 92' lang='lat' dir='ltr'>per</span> <span class='ocrx_word' id='word_1_215' title='bbox 1633 1926 1920 1981; x_wconf 90' lang='lat' dir='ltr'>cupiditatem</span> 
     </span>
     <span class='ocr_line' id='line_1_22' title="bbox 124 2002 1922 2061; baseline 0.001 -18"><span class='ocrx_word' id='word_1_216' title='bbox 124 2002 413 2046; x_wconf 77' lang='lat' dir='ltr'>existencium</span> <span class='ocrx_word' id='word_1_217' title='bbox 444 2005 556 2048; x_wconf 88' lang='lat' dir='ltr'>circa</span> <span class='ocrx_word' id='word_1_218' title='bbox 578 2020 725 2060; x_wconf 88' lang='lat' dir='ltr'>regem</span> <span class='ocrx_word' id='word_1_219' title='bbox 747 2013 792 2048; x_wconf 88' lang='lat' dir='ltr'>et</span> <span class='ocrx_word' id='word_1_220' title='bbox 812 2007 1132 2061; x_wconf 84' lang='lat' dir='ltr'>per-defectum</span> <span class='ocrx_word' id='word_1_221' title='bbox 1156 2007 1345 2061; x_wconf 85' lang='lat' dir='ltr'>justiciae</span> <span class='ocrx_word' id='word_1_222' title='bbox 1375 2014 1421 2050; x_wconf 92' lang='lat' dir='ltr'>et</span> <span class='ocrx_word' id='word_1_223' title='bbox 1450 2022 1509 2049; x_wconf 88' lang='lat' dir='ltr'>ex</span> <span class='ocrx_word' id='word_1_224' title='bbox 1539 2007 1680 2050; x_wconf 86' lang='lat' dir='ltr'>causis</span> <span class='ocrx_word' id='word_1_225' title='bbox 1700 2004 1922 2060; x_wconf 63' lang='lat' dir='ltr'>praedictis</span> 
     </span>
     <span class='ocr_line' id='line_1_23' title="bbox 124 2081 1922 2141; baseline 0.001 -18"><span class='ocrx_word' id='word_1_226' title='bbox 124 2081 396 2130; x_wconf 85' lang='lat' dir='ltr'>habundavit</span> <span class='ocrx_word' id='word_1_227' title='bbox 415 2084 460 2126; x_wconf 93' lang='lat' dir='ltr'>in</span> <span class='ocrx_word' id='word_1_228' title='bbox 479 2084 646 2141; x_wconf 90' lang='lat' dir='ltr'>Anglia</span> <span class='ocrx_word' id='word_1_229' title='bbox 666 2087 741 2128; x_wconf 93' lang='lat' dir='ltr'>illo</span> <span class='ocrx_word' id='word_1_230' title='bbox 761 2093 974 2141; x_wconf 89' lang='lat' dir='ltr'>tempore.</span> <span class='ocrx_word' id='word_1_231' title='bbox 1035 2087 1153 2128; x_wconf 86' lang='lat' dir='ltr'>Novi</span> <span class='ocrx_word' id='word_1_232' title='bbox 1181 2088 1298 2129; x_wconf 92' lang='lat' dir='ltr'>enim</span> <span class='ocrx_word' id='word_1_233' title='bbox 1326 2102 1461 2130; x_wconf 88' lang='lat' dir='ltr'>unum</span> <span class='ocrx_word' id='word_1_234' title='bbox 1482 2087 1651 2129; x_wconf 87' lang='lat' dir='ltr'>fatuum</span> <span class='ocrx_word' id='word_1_235' title='bbox 1671 2086 1747 2140; x_wconf 93' lang='lat' dir='ltr'>qui</span> <span class='ocrx_word' id='word_1_236' title='bbox 1766 2084 1922 2125; x_wconf 90' lang='lat' dir='ltr'>habuit</span> 
     </span>
     <span class='ocr_line' id='line_1_24' title="bbox 125 2163 1919 2223; baseline 0.001 -22"><span class='ocrx_word' id='word_1_237' title='bbox 125 2174 261 2203; x_wconf 89' lang='lat' dir='ltr'>unum</span> <span class='ocrx_word' id='word_1_238' title='bbox 289 2163 498 2218; x_wconf 79' lang='lat' dir='ltr'>inagnum</span> <span class='ocrx_word' id='word_1_239' title='bbox 519 2166 920 2209; x_wconf 87' lang='lat' dir='ltr'>archidiaconatum</span> <span class='ocrx_word' id='word_1_240' title='bbox 954 2173 1000 2209; x_wconf 91' lang='lat' dir='ltr'>et</span> <span class='ocrx_word' id='word_1_241' title='bbox 1030 2167 1092 2221; x_wconf 87' lang='lat' dir='ltr'>xij</span> <span class='ocrx_word' id='word_1_242' title='bbox 1125 2167 1386 2221; x_wconf 87' lang='lat' dir='ltr'>praebendas</span> <span class='ocrx_word' id='word_1_243' title='bbox 1417 2181 1611 2223; x_wconf 66' lang='lat' dir='ltr'>magnas</span> <span class='ocrx_word' id='word_1_244' title='bbox 1673 2166 1787 2207; x_wconf 91' lang='lat' dir='ltr'>Item</span> <span class='ocrx_word' id='word_1_245' title='bbox 1820 2163 1919 2204; x_wconf 88' lang='lat' dir='ltr'>novi</span> 
     </span>
     <span class='ocr_line' id='line_1_25' title="bbox 98 2232 1920 2303; baseline 0.002 -22"><span class='ocrx_word' id='word_1_246' title='bbox 98 2247 230 2283; x_wconf 85' lang='lat' dir='ltr'>-tunc</span> <span class='ocrx_word' id='word_1_247' title='bbox 269 2232 486 2286; x_wconf 81' lang='lat' dir='ltr'>medicum</span> <span class='ocrx_word' id='word_1_248' title='bbox 522 2252 721 2301; x_wconf 90' lang='lat' dir='ltr'>nuptum,</span> <span class='ocrx_word' id='word_1_249' title='bbox 759 2255 805 2289; x_wconf 91' lang='lat' dir='ltr'>et</span> <span class='ocrx_word' id='word_1_250' title='bbox 840 2261 1028 2289; x_wconf 86' lang='lat' dir='ltr'>uxorem</span> <span class='ocrx_word' id='word_1_251' title='bbox 1062 2261 1188 2288; x_wconf 90' lang='lat' dir='ltr'>suam</span> <span class='ocrx_word' id='word_1_252' title='bbox 1223 2247 1555 2303; x_wconf 90' lang='lat' dir='ltr'>relinquentem,</span> <span class='ocrx_word' id='word_1_253' title='bbox 1588 2246 1772 2288; x_wconf 90' lang='lat' dir='ltr'>retinere</span> <span class='ocrx_word' id='word_1_254' title='bbox 1807 2244 1920 2285; x_wconf 91' lang='lat' dir='ltr'>duos</span> 
     </span>
     <span class='ocr_line' id='line_1_26' title="bbox 125 2322 1919 2382; baseline 0.002 -22"><span class='ocrx_word' id='word_1_255' title='bbox 125 2332 310 2374; x_wconf 87' lang='lat' dir='ltr'>magnos</span> <span class='ocrx_word' id='word_1_256' title='bbox 345 2322 595 2376; x_wconf 88' lang='lat' dir='ltr'>decanatus,</span> <span class='ocrx_word' id='word_1_257' title='bbox 637 2333 682 2368; x_wconf 90' lang='lat' dir='ltr'>et</span> <span class='ocrx_word' id='word_1_258' title='bbox 722 2341 854 2368; x_wconf 91' lang='lat' dir='ltr'>unam</span> <span class='ocrx_word' id='word_1_259' title='bbox 896 2341 1101 2382; x_wconf 88' lang='lat' dir='ltr'>magnam</span> <span class='ocrx_word' id='word_1_260' title='bbox 1142 2328 1383 2380; x_wconf 89' lang='lat' dir='ltr'>rectoriam,</span> <span class='ocrx_word' id='word_1_261' title='bbox 1424 2334 1469 2370; x_wconf 91' lang='lat' dir='ltr'>et</span> <span class='ocrx_word' id='word_1_262' title='bbox 1508 2328 1619 2369; x_wconf 90' lang='lat' dir='ltr'>duas</span> <span class='ocrx_word' id='word_1_263' title='bbox 1661 2323 1919 2379; x_wconf 83' lang='lat' dir='ltr'>praebendas</span> 
     </span>
     <span class='ocr_line' id='line_1_27' title="bbox 126 2403 1919 2462; baseline 0 -19"><span class='ocrx_word' id='word_1_264' title='bbox 126 2412 323 2454; x_wconf 85' lang='lat' dir='ltr'>magnas,</span> <span class='ocrx_word' id='word_1_265' title='bbox 354 2408 400 2444; x_wconf 87' lang='lat' dir='ltr'>et</span> <span class='ocrx_word' id='word_1_266' title='bbox 426 2403 504 2445; x_wconf 83' lang='lat' dir='ltr'>vix</span> <span class='ocrx_word' id='word_1_267' title='bbox 538 2404 583 2446; x_wconf 91' lang='lat' dir='ltr'>in</span> <span class='ocrx_word' id='word_1_268' title='bbox 619 2420 708 2448; x_wconf 93' lang='lat' dir='ltr'>uno</span> <span class='ocrx_word' id='word_1_269' title='bbox 738 2407 952 2449; x_wconf 90' lang='lat' dir='ltr'>beneficio</span> <span class='ocrx_word' id='word_1_270' title='bbox 984 2407 1179 2449; x_wconf 88' lang='lat' dir='ltr'>residens</span> <span class='ocrx_word' id='word_1_271' title='bbox 1209 2407 1292 2450; x_wconf 82' lang='lat' dir='ltr'>suit</span> <span class='ocrx_word' id='word_1_272' title='bbox 1325 2414 1371 2450; x_wconf 91' lang='lat' dir='ltr'>et</span> <span class='ocrx_word' id='word_1_273' title='bbox 1401 2420 1624 2462; x_wconf 89' lang='lat' dir='ltr'>nunquam</span> <span class='ocrx_word' id='word_1_274' title='bbox 1660 2406 1703 2446; x_wconf 92' lang='lat' dir='ltr'>in</span> <span class='ocrx_word' id='word_1_275' title='bbox 1732 2403 1842 2452; x_wconf 85' lang='lat' dir='ltr'>aliis,</span> <span class='ocrx_word' id='word_1_276' title='bbox 1873 2409 1919 2444; x_wconf 92' lang='lat' dir='ltr'>et</span> 
     </span>
     <span class='ocr_line' id='line_1_28' title="bbox 125 2480 1917 2542; baseline 0.002 -22"><span class='ocrx_word' id='word_1_277' title='bbox 125 2486 278 2522; x_wconf 86' lang='lat' dir='ltr'>contra</span> <span class='ocrx_word' id='word_1_278' title='bbox 311 2480 468 2523; x_wconf 69' lang='lat' dir='ltr'>taloe‘</span> <span class='ocrx_word' id='word_1_279' title='bbox 479 2497 608 2526; x_wconf 86' lang='lat' dir='ltr'>canes</span> <span class='ocrx_word' id='word_1_280' title='bbox 644 2485 815 2529; x_wconf 83' lang='lat' dir='ltr'>mutos’</span> <span class='ocrx_word' id='word_1_281' title='bbox 851 2487 1043 2542; x_wconf 91' lang='lat' dir='ltr'>loquitur</span> <span class='ocrx_word' id='word_1_282' title='bbox 1076 2487 1250 2541; x_wconf 86' lang='lat' dir='ltr'>Ysayas</span> <span class='ocrx_word' id='word_1_283' title='bbox 1284 2493 1355 2530; x_wconf 89' lang='lat' dir='ltr'>ca⁰</span> <span class='ocrx_word' id='word_1_284' title='bbox 1385 2488 1460 2541; x_wconf 83' lang='lat'>56⁰</span> <span class='ocrx_word' id='word_1_285' title='bbox 1491 2494 1536 2529; x_wconf 87' lang='lat' dir='ltr'>et</span> <span class='ocrx_word' id='word_1_286' title='bbox 1573 2486 1760 2528; x_wconf 88' lang='lat' dir='ltr'>Sanctus</span> <span class='ocrx_word' id='word_1_287' title='bbox 1794 2483 1917 2537; x_wconf 92' lang='lat' dir='ltr'>Jero-</span> 
     </span>
     <span class='ocr_line' id='line_1_29' title="bbox 125 2560 837 2614; baseline 0.011 -14"><span class='ocrx_word' id='word_1_288' title='bbox 125 2560 269 2601; x_wconf 90' lang='lat' dir='ltr'>nimus</span> <span class='ocrx_word' id='word_1_289' title='bbox 298 2574 430 2614; x_wconf 91' lang='lat' dir='ltr'>super</span> <span class='ocrx_word' id='word_1_290' title='bbox 457 2568 631 2605; x_wconf 87' lang='lat' dir='ltr'>textum</span> <span class='ocrx_word' id='word_1_291' title='bbox 661 2565 837 2608; x_wconf 88' lang='lat' dir='ltr'>ibidem.</span> 
     </span>
    </p>
   </div>
   <div class='ocr_carea' id='block_1_3' title="bbox 0 2609 1915 2782">
    <p class='ocr_par' dir='ltr' id='par_1_3' title="bbox 0 2609 1915 2782">
     <span class='ocr_line' id='line_1_30' title="bbox 0 2609 1915 2709; baseline 0.003 -27"><span class='ocrx_word' id='word_1_292' title='bbox 0 2609 180 2709; x_wconf 56' lang='lat' dir='ltr'>is</span> <span class='ocrx_word' id='word_1_293' title='bbox 240 2645 290 2689; x_wconf 79' lang='lat' dir='ltr'>[p·</span> <span class='ocrx_word' id='word_1_294' title='bbox 313 2645 410 2691; x_wconf 81' lang='lat'>409]</span> <span class='ocrx_word' id='word_1_295' title='bbox 469 2641 532 2684; x_wconf 87' lang='lat' dir='ltr'>Et</span> <span class='ocrx_word' id='word_1_296' title='bbox 548 2643 639 2684; x_wconf 87' lang='lat' dir='ltr'>vidi</span> <span class='ocrx_word' id='word_1_297' title='bbox 667 2645 787 2687; x_wconf 90' lang='lat' dir='ltr'>illam</span> <span class='ocrx_word' id='word_1_298' title='bbox 807 2644 1149 2703; x_wconf 86' lang='lat' dir='ltr'>(expositionem</span> <span class='ocrx_word' id='word_1_299' title='bbox 1172 2646 1378 2690; x_wconf 89' lang='lat' dir='ltr'>Grostete</span> <span class='ocrx_word' id='word_1_300' title='bbox 1399 2661 1492 2702; x_wconf 88' lang='lat' dir='ltr'>sup.</span> <span class='ocrx_word' id='word_1_301' title='bbox 1515 2660 1582 2700; x_wconf 87' lang='lat' dir='ltr'>ep.</span> <span class='ocrx_word' id='word_1_302' title='bbox 1606 2645 1655 2687; x_wconf 91' lang='lat' dir='ltr'>B.</span> <span class='ocrx_word' id='word_1_303' title='bbox 1678 2645 1724 2686; x_wconf 91' lang='lat' dir='ltr'>P.</span> <span class='ocrx_word' id='word_1_304' title='bbox 1745 2644 1836 2699; x_wconf 90' lang='lat' dir='ltr'>Ap.</span> <span class='ocrx_word' id='word_1_305' title='bbox 1856 2646 1915 2687; x_wconf 93' lang='lat' dir='ltr'>ad</span> 
     </span>
     <span class='ocr_line' id='line_1_31' title="bbox 123 2715 1915 2782; baseline 0.005 -23"><span class='ocrx_word' id='word_1_306' title='bbox 123 2715 272 2774; x_wconf 89' lang='lat' dir='ltr'>Tim.,)</span> <span class='ocrx_word' id='word_1_307' title='bbox 312 2718 501 2761; x_wconf 79' lang='lat' dir='ltr'>oxoniae</span> <span class='ocrx_word' id='word_1_308' title='bbox 540 2735 654 2764; x_wconf 90' lang='lat' dir='ltr'>anno</span> <span class='ocrx_word' id='word_1_309' title='bbox 690 2724 870 2766; x_wconf 91' lang='lat' dir='ltr'>Domini</span> <span class='ocrx_word' id='word_1_310' title='bbox 905 2735 1028 2779; x_wconf 75' lang='lat'>1450.</span> <span class='ocrx_word' id='word_1_311' title='bbox 1101 2727 1153 2768; x_wconf 93' lang='lat' dir='ltr'>In</span> <span class='ocrx_word' id='word_1_312' title='bbox 1188 2742 1277 2782; x_wconf 93' lang='lat' dir='ltr'>quo</span> <span class='ocrx_word' id='word_1_313' title='bbox 1313 2742 1440 2779; x_wconf 90' lang='lat' dir='ltr'>anno,</span> <span class='ocrx_word' id='word_1_314' title='bbox 1473 2728 1516 2767; x_wconf 89' lang='lat' dir='ltr'>in</span> <span class='ocrx_word' id='word_1_315' title='bbox 1556 2726 1723 2768; x_wconf 88' lang='lat' dir='ltr'>octavis</span> <span class='ocrx_word' id='word_1_316' title='bbox 1762 2726 1915 2770; x_wconf 91' lang='lat' dir='ltr'>Sancti</span> 
     </span>
    </p>
   </div>
   <div class='ocr_carea' id='block_1_4' title="bbox 123 2798 1913 2915">
    <p class='ocr_par' dir='ltr' id='par_1_4' title="bbox 123 2798 1913 2915">
     <span class='ocr_line' id='line_1_32' title="bbox 123 2798 1913 2858; baseline 0.006 -18"><span class='ocrx_word' id='word_1_317' title='bbox 123 2798 336 2852; x_wconf 86' lang='lat' dir='ltr'>Johannis</span> <span class='ocrx_word' id='word_1_318' title='bbox 356 2799 646 2854; x_wconf 75' lang='lat' dir='ltr'>evangelistae,</span> <span class='ocrx_word' id='word_1_319' title='bbox 662 2802 732 2845; x_wconf 89' lang='lat' dir='ltr'>die</span> <span class='ocrx_word' id='word_1_320' title='bbox 753 2805 982 2858; x_wconf 89' lang='lat' dir='ltr'>dominica,</span> <span class='ocrx_word' id='word_1_321' title='bbox 1004 2809 1176 2849; x_wconf 88' lang='lat' dir='ltr'>ostendi</span> <span class='ocrx_word' id='word_1_322' title='bbox 1199 2808 1241 2849; x_wconf 89' lang='lat' dir='ltr'>in</span> <span class='ocrx_word' id='word_1_323' title='bbox 1264 2821 1465 2849; x_wconf 88' lang='lat' dir='ltr'>sermone</span> <span class='ocrx_word' id='word_1_324' title='bbox 1485 2819 1583 2847; x_wconf 88' lang='lat' dir='ltr'>meo</span> <span class='ocrx_word' id='word_1_325' title='bbox 1605 2806 1649 2847; x_wconf 89' lang='lat' dir='ltr'>in</span> <span class='ocrx_word' id='word_1_326' title='bbox 1671 2806 1850 2850; x_wconf 84' lang='lat' dir='ltr'>Oxonia</span> <span class='ocrx_word' id='word_1_327' title='bbox 1870 2809 1913 2850; x_wconf 89' lang='lat' dir='ltr'>in</span> 
     </span>
     <span class='ocr_line' id='line_1_33' title="bbox 980 2885 1056 2915; baseline 0 0"><span class='ocrx_word' id='word_1_328' title='bbox 980 2885 1009 2915; x_wconf 76' lang='lat' dir='ltr'>G</span> <span class='ocrx_word' id='word_1_329' title='bbox 1034 2887 1056 2915; x_wconf 91' lang='lat'>2</span> 
     </span>
    </p>
   </div>
  </div>
 </body>
</html>
