2456 3210
480 256 561 299 208
981 261 1109 296 LOCI
1146 260 1182 294 E
1220 260 1385 295 LIBRO
1434 259 1777 296 VERJTATUM.

594 411 643 454 [p.
677 409 770 455 593]
830 409 987 452 Reges.
1051 402 1177 445 Istud
1220 409 1285 444 est
1329 409 1481 444 contra
1526 402 1760 459 modernos
1800 406 1846 442 et
1884 406 2036 442 contra
2076 405 2277 454 regentes

481 484 672 526 Oxoniae
704 485 777 538 qui
808 484 1006 525 vendunt
1040 483 1203 538 gradus
1239 489 1283 524 et
1318 482 1499 536 gracias,
1543 482 1568 524 i.
1591 496 1638 524 e.-
1659 481 2016 536 dispensaciones
2049 494 2162 530 suas,
2199 494 2276 521 seu

479 564 680 606 licencias
713 565 768 606 ad
803 565 966 618 gradus
999 563 1262 614 scolasticos,
1298 569 1343 605 et
1376 564 1514 605 eciam
1546 563 1744 604 vendunt
1779 562 1921 604 officia
1953 568 1999 604 et
2028 560 2277 603 bedellatus
2329 545 2332 548 Ι

478 659 556 686 seu
593 645 782 699 aliquem
820 658 915 685 esse
950 644 1010 685 ibi
1044 643 1266 686 bedellum
1273 673 1444 685 ......
1465 642 1573 685 Vae!
1609 643 1703 684 vae!
1740 648 1917 696 quantae
1952 647 2055 684 sunt
2085 641 2276 683 tenebrae

479 725 522 766 in
564 726 681 777 orbe,
722 731 765 766 et
810 731 919 779 quot
959 725 1002 766 in
1045 724 1212 779 Anglia
1257 730 1538 766 surrexerunt
1578 729 1815 778 postquam
1860 723 2089 778 episcopus
2130 721 2278 765 Cices-

477 806 645 855 nensis,
685 806 959 860 Reginaldus
1002 806 1148 847 Pecok
1189 806 1244 847 de
1280 804 1454 856 Wallia,
1490 804 1744 858 praedicavit
1784 805 1841 845 ad
1882 817 2055 846 crucem
2095 802 2277 845 sanctis-

477 887 574 929 simi
611 887 734 928 Pauli
771 887 1014 929 Londoniis
1054 887 1172 941 quod
1209 887 1414 940 episcopi,
1449 886 1492 926 in
1527 885 1611 926 hoc
1652 885 1771 939 quod
1807 884 2002 939 episcopi
2037 890 2151 934 sunt,
2187 897 2275 925 non

477 974 681 1010 tenentur
708 969 946 1022 praedicare
972 981 1120 1010 coram
1146 967 1323 1021 populo,
1346 966 1603 1020 accipiendo
1632 965 1747 1007 hunc
1776 966 2011 1007 terminum
2038 964 2276 1019 praedieare

478 1049 521 1088 in
557 1063 637 1089 suo
668 1049 844 1102 proprio
880 1048 1137 1102 significato,
1167 1054 1212 1089 et
1243 1061 1420 1089 causam
1452 1047 1582 1088 istam
1615 1045 1806 1087 reddidit
1838 1046 1999 1096 dicens,
2030 1045 2278 1087 ‘Dionisius

478 1143 593 1183 papa
628 1129 774 1171 divisit
822 1128 1050 1183 parochias
1094 1128 1151 1170 ab
1200 1127 1537 1182 episcopatibus,
1577 1133 1621 1168 et
1664 1126 1788 1168 dedit
1837 1139 1985 1168 curam
2032 1126 2276 1167 animarum

478 1208 718 1251 rectoribus
750 1216 794 1251 et
825 1209 986 1256 curatis
1019 1209 1290 1250 immediatis
1323 1208 1603 1250 ecclesiarum
1633 1207 1961 1261 parochialium,
1992 1213 2036 1249 et
2067 1205 2199 1257 tunc‚'
2227 1212 2276 1249 ut

477 1291 593 1332 dixit
629 1290 702 1332 ille
735 1290 896 1339 Peeok,
928 1290 1160 1344 episcopus
1191 1289 1276 1341 ille,
1311 1294 1454 1343 ‘papa
1486 1288 1710 1333 Dionisius
1745 1288 2012 1330 disoneravit
2046 1289 2276 1343 episcopos

477 1371 534 1412 ab
571 1384 702 1412 onere
738 1370 1006 1425 praedicandi
1042 1371 1086 1411 in
1123 1371 1211 1411 suis
1247 1370 1496 1411 diocesibus
1533 1375 1576 1411 et
1609 1383 1636 1410 a
1670 1368 1900 1429 multiplici
1932 1382 2035 1411 cura
2069 1369 2277 1423 imposita

478 1458 581 1493 tunc
612 1465 691 1505 per
717 1451 838 1492 illum
861 1465 1025 1505 papam
1047 1451 1296 1492 Dionisium
1325 1451 1485 1493 curatis
1513 1449 1791 1492 ecclesiarum
1813 1447 2142 1503 parochialium'
2164 1477 2174 1488 .
2197 1478 2207 1488 .
2232 1481 2241 1491 .
2266 1480 2275 1489 .

479 1532 556 1573 sed
597 1532 699 1585 quia
742 1533 825 1574 iste
866 1532 1013 1573 Pecok
1059 1531 1291 1586 episcopus
1330 1532 1448 1573 visus
1491 1531 1573 1573 fuit
1613 1531 1794 1572 diversis
1844 1531 2059 1585 episcopis
2099 1529 2276 1584 Angliae

479 1613 752 1654 disonerasse
773 1613 1000 1666 episcopos
1028 1612 1085 1653 ab
1107 1612 1382 1666 obligacione
1403 1611 1684 1666 praedicandi,
1708 1618 1752 1653 et
1772 1611 1828 1653 ab
1857 1610 2130 1665 obligacione
2151 1610 2276 1665 plura

478 1706 612 1746 opera
652 1706 765 1733 curae
811 1693 1056 1733 animarum
1096 1692 1296 1743 faciendi,
1337 1693 1448 1743 ideo,
1489 1698 1537 1733 ut
1582 1692 1781 1743 creditur,
1823 1697 1868 1733 et
1908 1691 2079 1740 dicitur,
2119 1691 2276 1733 habuit

480 1773 674 1813 diversos
711 1773 939 1826 episcopos
970 1772 1148 1825 Angliae
1187 1773 1225 1814 ei
1257 1773 1465 1823 faventes,
1495 1773 1694 1826 quamvis
1730 1772 1887 1813 diversi
1925 1773 2127 1813 doctores
2158 1772 2276 1814 The-

479 1853 637 1906 ologiae
674 1852 952 1894 Oxonienses
989 1859 1033 1894 et
1070 1853 1454 1907 Cantabrigienses
1495 1853 1635 1895 multa
1669 1852 1865 1894 fecerunt
1900 1858 2052 1894 contra
2087 1853 2276 1894 eundem

480 1933 734 1987 episcopum
786 1932 943 1982 Pecok,
989 1933 1282 1985 praedicando,
1332 1933 1572 1983 scribendo,
1623 1938 1668 1974 et
1716 1933 2051 1974 determinando
2102 1932 2276 1988 publice

481 2014 709 2055 Londiniis
750 2013 792 2054 in
834 2014 1071 2066 praesencia
1111 2013 1426 2068 archiepiscopi
1464 2012 1801 2062 Cantuariensis,
1837 2013 2044 2063 Stafford,
2077 2014 2150 2068 qui
2194 2014 2276 2056 fuit

479 2095 674 2145 civilista,
713 2100 758 2135 et
798 2094 841 2134 in
882 2094 1121 2147 praesencia
1161 2095 1299 2136 eciam
1347 2094 1406 2135 ibi
1449 2094 1638 2148 plurium
1684 2094 2000 2148 episcoporum,
2037 2101 2081 2137 et
2121 2100 2276 2149 postea

454 2189 624 2217 „coram
674 2174 999 2228 archiepiscopo
1042 2173 1357 2225 Cantuariensi‚
1399 2174 1550 2228 Kemp
1599 2175 1787 2225 nomine,
1829 2182 1873 2217 et
1923 2181 2078 2229 postea
2127 2189 2274 2230 coram

480 2256 661 2297 domino
696 2254 871 2296 Thoma
908 2254 1128 2306 Bouschir,
1159 2255 1486 2309 archiepiscopo
1521 2253 1851 2307 Cantuariensi3
1882 2257 1996 2298 inter
2031 2270 2141 2310 quos
2170 2256 2274 2298 doc-

480 2343 597 2378 tores
628 2336 848 2390 praecipue
884 2336 927 2376 in
968 2348 1098 2377 causa
1130 2336 1213 2377 Dei
1244 2335 1420 2377 fuerunt
1451 2335 1513 2375 M.
1538 2334 1691 2376 Petrus
1723 2335 1931 2390 Hyrford,
1957 2336 2275 2380 Lincolniensis

481 2417 693 2467 diocesis;
725 2416 788 2457 M.
809 2414 1057 2456 Willelmus
1087 2416 1386 2470 Myllyngton,
1417 2414 1706 2456 Eboracensis
1737 2417 1950 2469 diocesis3
1980 2418 2135 2460 doctor
2154 2417 2276 2459 Tho-

482 2511 576 2539 mas
618 2496 828 2547 Eborall;
878 2497 1031 2538 doctor
1070 2496 1293 2548 Johannes
1334 2493 1560 2543 Burbach3
1609 2502 1652 2536 et
1692 2496 1894 2539 doctores
1935 2497 2095 2552 egregii
2136 2497 2274 2540 eciam

480 2577 576 2631 iiij⁰r
600 2578 802 2619 ordinum
827 2581 1029 2631 patrum;
1061 2582 1104 2616 et
1134 2577 1286 2638 doctor
1315 2575 1448 2629 Hugo
1474 2574 1683 2627 Damlet;
1716 2578 1790 2630 qui
1821 2577 1864 2619 in
1893 2577 2073 2628 diversis
2102 2578 2274 2632 scriptis

479 2656 615 2711 ipsius
649 2657 795 2699 Pecok
826 2655 1027 2710 Anglicis
1063 2662 1107 2697 et
1144 2656 1314 2698 Latinis
1350 2657 1492 2709 ipsum
1528 2668 1756 2697 erroneum
1793 2663 1836 2699 et
1871 2657 2126 2700 haereticum
2162 2658 2273 2700 indi-

482 2744 700 2787 caverunt,
735 2738 839 2791 quia
871 2735 1016 2778 Pecok
1053 2737 1282 2790 episcopus
1322 2734 1508 2776 multum
1543 2735 1839 2788 vilipendebat
1877 2738 1995 2780 dicta
2029 2744 2074 2780 et
2112 2738 2273 2793 scripta
