2456 3210
539 231 591 261 22
1039 224 1169 260 LOCI
1205 225 1243 259 E
1282 223 1447 258 LIBRO
1495 222 1838 261 VERJTATUM.

539 368 748 410 miracula
779 368 889 410 sicut
914 368 1020 409 olim
1051 367 1270 409 fuerunt?'
1304 373 1360 418 et,
1390 373 1564 408 tacente
1596 367 1814 421 episcopo,
1847 381 1956 408 unus
1987 366 2166 409 clericus
2190 364 2339 409 astan‘s

537 448 653 490 dixit
675 449 776 503 regi,
798 449 871 491 ‘Si
891 449 1034 501 vultis,
1056 449 1245 499 domine,
1267 454 1314 488 ut
1335 448 1492 498 dicam,
1514 448 1658 488 dicam
1681 454 1871 501 quatuor
1891 462 1990 502 quae
2019 448 2222 490 videntur
2243 463 2339 491 esse

538 543 679 571 causae
714 529 843 584 hujus
860 527 883 581 ;’
925 536 968 571 et
999 529 1188 571 libenter
1224 542 1303 570 rex
1339 527 1565 579 concessit,
1599 527 1754 578 ‘Una‚'
1784 529 1927 583 inquit
1957 529 2151 580 clericus,
2184 535 2341 572 ‘causa

538 616 605 652 est
641 612 744 665 quia
778 612 885 652 olim
922 612 1045 653 Deus
1077 625 1154 666 per
1189 611 1484 652 ostensionem
1521 609 1705 664 alicujus
1740 611 1852 665 signi
1890 612 2095 664 ostendit,
2128 612 2226 666 quis
2257 612 2340 653 fuit

509 691 712 746 udignior
747 692 842 733 aliis
883 691 1131 734 hominibus
1173 692 1427 746 episcopatu
1466 692 1621 733 merito
1663 692 1860 749 scienciae
1901 700 1945 734 et
1985 693 2114 734 bonae
2146 693 2262 743 vitae,
2295 700 2341 736 et

538 779 642 813 tunc
671 787 749 826 pro
775 773 835 814 sic
864 773 1012 815 electis
1042 773 1164 814 Deus
1193 773 1236 813 in
1259 772 1349 813 vita
1377 785 1528 813 eorum
1558 778 1603 813 et
1630 779 1731 826 post
1758 779 1946 814 mortem
1974 773 2076 815 fecit
2105 774 2337 826 miracula;

538 854 614 894 sed
639 853 732 907 jam
761 867 838 907 per
860 854 1106 895 mundanos
1135 860 1179 895 et
1199 866 1277 894 vos
1299 866 1423 907 reges
1449 852 1669 908 eliguntur
1693 854 1767 907 qui
1795 853 1919 895 vobis
1949 854 2127 908 placent
2155 853 2198 895 in
2227 855 2375 909 epis-—

539 947 684 988 copos,
717 940 760 975 et
793 933 897 975 talia
932 934 1140 976 miracula
1173 934 1319 988 qualia
1355 947 1434 975 vos
1468 947 1591 988 reges
1626 933 1778 986 facitis,
1815 933 1920 975 talia
1952 935 2116 977 faciunt
2147 935 2341 990 episcopi

517 1007 616 1068 *per
647 1029 726 1056 vos
763 1015 1004 1056 constituti.
1079 1015 1193 1056 Item
1229 1015 1334 1056 olim
1371 1029 1496 1070 reges
1531 1014 1881 1070 genuflexerunt,
1921 1023 2128 1070 rogantes
2164 1022 2341 1058 sanctos

537 1096 651 1136 viros
688 1102 732 1137 et
762 1096 949 1136 scientes
979 1102 1210 1149 acceptare
1245 1109 1355 1136 onus
1387 1095 1646 1150 episcopale,
1678 1110 1730 1137 eo
1762 1096 1882 1150 quod
1915 1096 2174 1150 perfectiora
2206 1109 2340 1151 opera

513 1175 716 1229 ”requirit
749 1189 882 1230 quarn
913 1175 1096 1229 alicujus
1128 1175 1350 1230 religionis
1380 1177 1575 1230 privatae‚
1607 1183 1651 1218 et
1682 1177 1782 1218 ideo
1813 1177 2083 1231 quiscunque
2114 1177 2341 1231 religiosus

538 1257 757 1311 professus
788 1263 937 1310 potest
970 1257 1071 1311 eligi
1104 1258 1161 1299 ad
1196 1258 1510 1312 episcopatum,
1544 1264 1588 1299 et
1623 1264 1728 1299 tunc
1761 1258 1902 1311 rogati
1933 1271 2032 1299 curn
2065 1271 2227 1312 magna
2258 1258 2341 1299 dif-

516 1337 734 1380 “ficultate
775 1344 1060 1391 susceperunt
1101 1352 1180 1392 pro
1221 1338 1364 1380 salute
1404 1338 1649 1380 animarum
1694 1351 1804 1379 onus
1845 1337 2106 1391 episcopale,
2150 1344 2194 1379 et
2235 1344 2340 1380 tunc

537 1420 710 1461 fuerunt
751 1419 950 1460 translati
993 1426 1094 1473 post
1136 1426 1322 1461 mortem
1364 1426 1544 1474 propter
1585 1432 1736 1461 eorum
1777 1419 1996 1461 miracula.
2077 1418 2192 1460 Item
2234 1419 2340 1462 olim

539 1501 678 1541 sancti
720 1500 924 1554 episcopi,
966 1500 1292 1541 considerantes
1333 1514 1444 1541 onus
1484 1500 1763 1555 episcopatus
1804 1500 1847 1540 in
1894 1513 1982 1554 quo
2023 1499 2208 1550 fuerunt,
2251 1514 2341 1542 non

540 1582 756 1635 optabant
806 1580 1024 1622 transferri
1077 1581 1133 1621 de
1184 1581 1438 1635 episcopatu
1490 1581 1534 1622 in
1585 1581 1888 1635 episcopatum
1929 1586 2108 1634 propter
2153 1579 2341 1634 majores

541 1662 731 1711 divicias,
771 1662 846 1702 sed
889 1674 1003 1702 nunc
1048 1667 1150 1702 sunt
1192 1660 1253 1702 ita
1293 1675 1412 1715 saepe
1453 1660 1651 1702 translati
1693 1661 1750 1702 de
1790 1661 2045 1715 episcopatu
2087 1660 2131 1701 in
2173 1661 2380 1715 episco--

540 1749 694 1796 patum
736 1741 843 1782 dum
884 1740 1047 1792 vivunt,
1083 1741 1202 1794 quod
1245 1754 1332 1782 non
1373 1746 1592 1782 merentur
1632 1739 1852 1781 transferri
1892 1746 1993 1793 post
2034 1745 2223 1780 mortem
2263 1753 2342 1793 per

519 1821 837 1863 ‘ostensionem
880 1820 1202 1862 miraculorum.
1285 1821 1400 1862 Item
1431 1820 1526 1875 jam
1561 1821 1604 1862 in
1640 1821 1734 1862 istis
1764 1820 1921 1861 diebus
1953 1827 2105 1862 emunt
2140 1821 2202 1862 ita
2242 1834 2341 1864 care

540 1916 640 1943 suas
681 1902 993 1943 translaciones
1040 1909 1085 1943 et
1132 1915 1234 1942 suos
1284 1902 1563 1955 episcopatus
1602 1901 1709 1941 dum
1749 1898 1913 1951 vivunt,
1954 1901 2073 1954 quod
2113 1915 2202 1943 non
2237 1908 2340 1944 sunt

541 1983 661 2036 digni
698 1982 918 2023 transferri
956 1988 1058 2036 post
1095 1988 1282 2023 mortem
1319 1994 1442 2022 suam
1480 1994 1559 2022 nec
1596 1987 1643 2022 ut
1685 1980 1809 2021 Deus
1843 1987 2048 2034 operetur
2079 1995 2157 2035 per
2189 1996 2339 2024 eorum

542 2064 695 2104 merita
727 2077 859 2117 opera
889 2061 1175 2105 miraculosa?
1238 2062 1299 2104 Et
1330 2063 1445 2104 dixit
1476 2061 1655 2103 clericus
1686 2061 1742 2102 ad
1774 2074 1934 2114 regem,
1957 2061 2073 2103 ‘Vos
2104 2063 2233 2115 enim,
2260 2063 2338 2105 do-

541 2146 669 2196 mine,
691 2144 872 2186 novistis
903 2157 1038 2184 unum
1070 2144 1143 2196 qui
1174 2144 1298 2185 dedit
1329 2142 1393 2196 ij0.
1424 2143 1544 2183 milia
1576 2154 1818 2183 mercarum
1848 2141 1922 2182 uni
1956 2142 2136 2184 domino
2168 2149 2340 2185 terreno

527 2233 589 2267 -ut
629 2224 867 2267 translatus
910 2230 1025 2265 esset
1067 2225 1123 2265 de
1163 2225 1417 2278 episcopatu
1454 2237 1534 2264 suo
1570 2223 1613 2263 in
1654 2221 2100 2276 archiepiscopatum.'
2162 2223 2223 2266 Et
2259 2238 2339 2266 rex

528 2312 772 2347 *contentus
803 2305 884 2346 fuit
916 2305 1197 2358 responsione
1228 2304 1383 2346 clerici.

659 2385 868 2439 Episcopi
905 2385 1115 2432 solebant,
1154 2391 1202 2425 ut
1239 2391 1362 2438 patet
1404 2385 1446 2424 in
1482 2384 1572 2425 vita
1613 2382 1764 2425 Sancti
1801 2382 2043 2434 Cuthberti‚
2080 2386 2136 2426 de
2172 2385 2339 2427 Sancto

545 2465 802 2516 Cuthberto,
833 2466 1039 2519 episcopo
1072 2464 1430 2515 Lindisfarnensi‚
1460 2463 1684 2505 humiliter
1716 2470 1760 2505 et
1790 2464 2058 2508 familiariter
2087 2465 2207 2520 loqui
2237 2478 2338 2507 cum

544 2547 630 2587 suis
671 2547 856 2587 subditis
900 2553 945 2587 et
986 2545 1182 2599 qualibet
1223 2546 1295 2587 die
1336 2547 1440 2587 dare
1479 2550 1679 2598 optatam
1716 2545 1989 2587 audienciam
2029 2547 2118 2588 suis
2153 2546 2339 2588 subditis

543 2628 837 2679 quaerentibus
878 2627 998 2680 loqui
1042 2640 1139 2668 cum
1184 2627 1390 2680 episcopo
1430 2639 1520 2666 suo.
1597 2624 1657 2666 Et
1702 2638 1838 2679 nuper
1870 2640 1980 2667 unus
2022 2640 2188 2680 pauper
2218 2626 2338 2667 venit

544 2707 598 2746 ad
634 2707 843 2748 famulum
877 2706 1105 2761 cujusdam
1141 2706 1468 2760 archiepiscopi,
1503 2705 1576 2745 filii
1615 2706 1739 2746 unius
1772 2707 1938 2747 domini
1970 2707 2138 2755 terreni,
2175 2707 2336 2755 dicens,

546 2785 704 2827 ‘Miror
739 2789 855 2840 quod
894 2787 1242 2841 archiepiscopus
1286 2800 1369 2827 non
1413 2786 1581 2840 praebet
1624 2787 1896 2828 audienciam
1939 2788 2027 2829 suis
2067 2786 2252 2829 subditis
2293 2786 2336 2827 in
