2456 3210
629 253 761 291 LOCI
794 253 832 289 E
870 253 1037 290 LIBRO
1082 252 1251 288 VERIT
1247 254 1284 289 A
1293 254 1329 289 Τ
1332 252 1428 289 UM.
1877 259 1925 289 21

131 397 222 440 flua
253 398 614 440 monasteriorum
646 397 866 439 retrahere
899 403 946 438 et
980 397 1218 438 concedere
1247 396 1409 438 curatis
1444 394 1761 449 parochialium
1794 395 1934 437 eccle-

133 480 326 531 siarum;
377 479 491 521 sicut
528 479 714 520 retraxit
760 478 867 519 olim
905 477 1392 532 superhabundanciam
1434 475 1629 517 ecclesiae
1670 475 1934 529 parochialis

134 566 180 601 et
208 560 332 601 dedit
361 559 481 601 illam
508 560 671 601 sanctis
695 559 798 600 viris
826 558 1048 612 religiosis,
1069 558 1173 612 quia
1200 558 1384 599 decimae
1415 563 1460 598 et
1489 557 1741 598 oblaciones
1770 557 1933 599 debitae

134 639 308 682 suerunt
347 639 646 682 sacerdotibus
686 639 1034 680 ministrantibus
1074 639 1316 686 necessaria
1358 637 1524 692 populo
1564 644 1610 679 et
1658 651 1746 679 non
1790 637 1933 679 solum

134 734 215 774 pro
242 721 419 775 populo.
479 720 630 762 Curati
661 720 779 761 enim
804 720 950 770 verbo,
970 720 1099 769 facto,
1130 720 1330 761 doctrina
1361 725 1406 760 et
1436 718 1615 769 auxilio,
1645 725 1691 760 et
1719 719 1932 768 oracione,

135 807 181 842 et
218 809 590 844 sacramentorum
626 801 950 842 ministracione
985 800 1228 842 necessaria
1265 799 1396 841 saluti
1432 799 1679 840 animarum
1714 799 1935 840 ministra-

134 888 234 922 rent
271 882 437 936 populo
477 887 522 922 et
557 894 636 935 pro
671 879 848 934 popu10‚
885 886 930 920 et
964 880 1166 920 homines
1201 879 1264 920 eis
1297 879 1500 920 subditos
1530 880 1823 920 accenderent
1854 893 1935 919 sua

135 963 296 1004 devota
330 962 531 1003 oracione
560 967 606 1002 et
635 960 844 1014 exemplo
878 967 1056 1002 ostenso
1091 961 1166 1002 eis.
1226 959 1320 1002 Alii
1354 967 1504 1002 autem
1541 960 1733 1014 religiosi
1767 959 1935 1013 populo

135 1042 398 1096 proficerent
430 1043 608 1093 orando,
640 1048 686 1083 et
720 1042 930 1082 merendo
971 1055 1050 1094 pro
1090 1041 1268 1095 popu10‚
1301 1041 1441 1082 curati
1481 1048 1631 1082 autem
1672 1041 1936 1094 proficerent

135 1123 300 1177 populo
319 1124 498 1174 orando,
517 1130 562 1164 et
582 1123 820 1177 operando,
840 1136 921 1176 pro
942 1122 1016 1172 eis,
1038 1128 1085 1163 et
1103 1135 1251 1163 coram
1273 1123 1347 1172 eis,
1368 1129 1414 1163 et
1435 1123 1498 1162 eis
1519 1122 1760 1163 necessaria
1781 1122 1935 1163 salutis

136 1203 430 1255 conferendo3
474 1210 521 1245 et
555 1204 716 1245 curatis
751 1210 856 1244 sunt
890 1204 1074 1244 decimae
1106 1210 1151 1244 et
1185 1202 1436 1244 oblaciones
1472 1203 1636 1244 debitae
1670 1217 1728 1244 ex
1765 1203 1936 1245 ratione

137 1290 183 1324 et
209 1297 268 1324 ex
291 1283 399 1338 lege.

252 1369 298 1414 [p.
323 1370 417 1413 332]
463 1364 556 1406 Iste
594 1365 738 1406 malus
783 1379 887 1406 usus
931 1364 1147 1406 retinendi
1186 1372 1360 1407 curatos
1399 1365 1445 1406 in
1484 1365 1636 1406 officiis
1676 1379 1827 1419 regum
1869 1379 1935 1406 re-

137 1443 421 1498 prehenditur
448 1459 476 1486 a
504 1453 659 1487 sancto
688 1444 864 1486 Thoma
901 1443 1219 1496 cantuariensi,
1249 1446 1324 1499 qui
1357 1445 1498 1487 factus
1532 1445 1765 1500 episcopus
1801 1446 1935 1499 resig-

137 1525 258 1567 navit
301 1526 491 1567 officium
537 1525 819 1568 Cancellariae
862 1525 1053 1579 Angliae,
1096 1527 1298 1579 quamvis
1344 1540 1425 1568 rex
1471 1526 1651 1580 Angliae
1694 1527 1811 1568 dixit
1853 1527 1935 1568 sibi

137 1606 256 1659 quod
287 1606 518 1660 episcopus
547 1607 592 1647 in
624 1607 810 1648 Francia
838 1606 920 1647 fuit
950 1605 1233 1647 cancellarius
1258 1621 1360 1648 cum
1391 1620 1493 1660 rege
1523 1607 1719 1649 Franciae
1749 1615 1796 1649 et
1822 1608 1936 1649 alius

136 1686 367 1740 episcopus
398 1700 498 1728 cum
528 1687 792 1741 imperatore
822 1686 1086 1728 Alemaniae.

253 1758 369 1807 Item
402 1774 580 1808 sanctus
610 1767 829 1808 Martinus
859 1766 1129 1807 Turonensis
1162 1767 1394 1821 episcopus
1423 1769 1540 1810 dixit
1571 1767 1735 1809 Caesari
1767 1768 1936 1819 Galliae,

138 1844 344 1888 Maximo
373 1847 581 1889 nomine:
615 1849 624 1867 ‘
641 1847 691 1889 Si
721 1845 941 1902 episcopi‚’
970 1847 1124 1900 inquit,
1155 1849 1255 1888 ‘tuo
1280 1847 1409 1889 lateri
1437 1856 1482 1890 et
1512 1849 1643 1890 curiae
1669 1849 1936 1900 assistentes,

138 1925 183 1966 in
212 1926 302 1967 suis
332 1927 445 1968 curis
476 1934 522 1969 et
552 1927 799 1970 diocesibus
830 1934 948 1969 recte
980 1928 1275 1970 ministrarent
1307 1935 1352 1970 et
1382 1943 1462 1970 sua
1492 1930 1633 1971 officia
1664 1929 1934 1983 perficerent,

138 2011 208 2046 tot
238 2006 353 2047 mala
382 2007 658 2049 reformanda
687 2009 732 2049 in
763 2015 840 2050 tuo
872 2022 1007 2062 regno
1036 2022 1126 2049 non
1159 2007 1328 2050 essent!
1387 2009 1611 2051 Absencia
1639 2012 1756 2051 enirn
1787 2018 1934 2052 nautae

140 2091 207 2126 est
236 2083 368 2128 causa
395 2088 729 2142 periclitacionis
757 2090 880 2131 navis
913 2103 971 2130 ex
1001 2089 1255 2130 testimonio
1284 2089 1533 2144 philosophi
1563 2091 1607 2131 in
1638 2092 1836 2144 politicis.

255 2173 301 2216 [p.
336 2174 429 2216 331]
479 2169 595 2210 Item
633 2171 807 2212 videtur
841 2171 933 2224 jam
981 2171 1028 2211 in
1070 2184 1158 2212 uno
1206 2184 1354 2224 regno,
1394 2171 1469 2212 ubi
1517 2180 1620 2213 sunt
1659 2172 1805 2225 plures
1840 2172 1934 2224 jam

141 2247 333 2301 episcopi
363 2249 409 2289 in
435 2250 586 2292 officiis
607 2252 721 2306 regis
747 2252 961 2305 occupati,
983 2252 1102 2304 quod
1133 2252 1271 2293 multa
1299 2253 1418 2293 mala
1445 2260 1643 2294 crescunt
1662 2254 1707 2293 in
1728 2265 1861 2306 regno
1890 2259 1935 2292 et

142 2327 186 2368 in
213 2327 302 2368 suis
330 2328 575 2371 diocesibus
604 2345 683 2384 per
707 2346 857 2373 eorum
885 2332 1137 2372 absenciam
1167 2339 1212 2374 et
1242 2332 1471 2384 defectum,
1492 2341 1537 2374 et
1559 2347 1697 2386 pauca
1717 2332 1787 2373 vel
1815 2332 1935 2373 nulla

142 2407 261 2448 mala
299 2418 616 2461 cognoscuntur
650 2426 747 2453 esse
786 2412 1020 2454 reformata
1061 2414 1105 2453 in
1146 2426 1292 2466 regno,
1327 2414 1528 2466 quamvis
1561 2420 1663 2454 sunt
1703 2413 1747 2452 in
1782 2413 1934 2454 officiis

143 2487 264 2540 regni
300 2494 346 2529 et
376 2488 422 2529 in
454 2490 645 2532 consiliis
678 2505 844 2546 regum.
905 2493 956 2535 Si
991 2493 1109 2534 enim
1144 2506 1224 2546 pro
1261 2493 1454 2534 Domino
1488 2493 1737 2542 militarent,
1771 2492 1934 2534 fructus

143 2581 329 2621 magnus
358 2567 518 2609 laboris
547 2584 696 2612 eorum
725 2579 957 2626 appareret
987 2579 1031 2614 et
1061 2580 1348 2626 permaneret.

259 2653 304 2696 [p.
325 2653 420 2696 333]
462 2647 676 2692 Henricus
706 2659 888 2704 quartus
920 2666 999 2693 rex
1027 2652 1206 2707 Angliae
1239 2654 1440 2707 quaesivit
1470 2654 1527 2694 ab
1559 2653 1755 2694 Henrico
1783 2653 1935 2695 Bowet

142 2726 470 2781 archiepiscopo
501 2728 710 2781 Eborum,
735 2730 896 2785 ‘Quae,'
925 2734 1077 2787 inquit,
1102 2736 1194 2774 ‘est
1223 2747 1354 2775 causa
1385 2747 1518 2787 quare
1549 2733 1741 2786 episcopi
1765 2733 1858 2786 jam
1889 2735 1933 2775 in

143 2808 298 2849 diebus
338 2807 497 2848 nostris
531 2821 619 2848 non
657 2810 968 2854 transferantur
1007 2821 1108 2867 post
1153 2820 1343 2856 mortem
1384 2827 1508 2854 suam
1550 2819 1727 2867 propter
1766 2802 1973 2856 famosa*
