2456 3210
477 201 529 241 88
975 207 1106 243 LOCI
1140 208 1178 243 E
1218 208 1381 243 LIBRO
1429 209 1774 247 VERJTATUM.

473 365 573 406 quae
604 351 803 393 consistit
830 352 874 392 in
900 351 1146 392 voluntaria
1174 352 1453 406 perpessione
1484 366 1559 394 seu
1590 353 1829 395 affliccione
1857 368 2002 408 poenae
2032 354 2076 395 in
2102 368 2149 396 se
2179 355 2275 410 ipso

472 432 547 486 qui
572 432 782 485 peccavit,
810 446 862 473 eo
891 432 1010 486 quod
1039 431 1266 473 ordinatur
1292 446 1371 486 pro
1396 446 1542 486 poena,
1565 439 1614 474 ut
1635 433 1830 476 declarat
1852 434 2041 477 Sanctus
2061 434 2274 486 Thomas,

475 511 642 554 Contra
674 512 883 562 Gentiles,
915 511 1024 553 libro
1052 516 1111 562 4⁰,
1137 516 1249 566 cap0.
1274 516 1358 564 72⁰,
1392 518 1436 554 et
1467 513 1620 556 doctor
1647 514 1819 556 subtilis
1851 529 1983 570 super
2011 522 2070 566 4¹¹¹
2098 522 2273 558 senten-

472 594 648 645 ciarum,
685 591 969 634 distinccione
1006 596 1102 642 15⁸3
1140 598 1183 633 et
1214 592 1270 632 de
1306 592 1389 634 ista
1419 606 1553 646 poena
1584 593 1874 635 satisfactoria
1909 595 2024 636 dixit
2056 595 2276 636 Dominus

471 674 674 723 Ananiae,
716 674 772 714 de
815 672 981 714 Sancto
1023 671 1169 722 Paulo,
1210 670 1411 713 Actuum
1452 674 1531 723 ix0,
1575 673 1701 727 ‘Ego
1746 675 1980 716 ostendam
2026 675 2064 716 ei
2110 681 2276 729 quanta

471 761 646 810 oportet
672 767 772 795 eum
798 766 877 808 pro
906 753 1084 794 nomine
1113 766 1212 793 meo
1240 753 1333 806 pati
1350 750 1379 804 3’
1411 759 1455 795 et
1485 754 1546 795 sic
1576 754 1822 796 satisfaccio
1851 755 2035 798 includit
2061 770 2114 797 ea
2143 769 2276 810 opera

471 849 570 890 quae
600 841 773 877 tenetur
802 847 942 888 agere,
974 839 1019 875 et
1049 847 1205 887 poenas
1235 848 1344 888 quas
1375 840 1549 876 tenetur
1583 849 1662 889 pro
1693 842 1876 890 peccato
1906 850 1985 878 suo
2014 837 2119 890 pati.
2182 837 2275 878 Do-

471 916 613 957 minus
646 922 806 966 autem,
833 914 983 956 Exodi
1006 919 1093 968 32⁰,
1126 914 1289 968 populo
1322 914 1458 956 Israel
1487 916 1653 958 remisit
1683 930 1863 970 poenam
1894 931 2041 967 unam,
2073 930 2131 959 sc.
2154 917 2274 971 quod

471 1010 557 1038 non
588 997 734 1037 subito
767 994 1015 1037 delerentur
1051 1000 1167 1043 tunc,
1200 995 1277 1035 sed
1310 995 1475 1036 meritis
1506 1002 1550 1037 et
1580 996 1783 1050 precibus
1815 997 1975 1051 Moysi,
2004 997 2100 1039 aliis
2131 998 2274 1051 poenis

470 1077 828 1124 reservabantur;
861 1081 906 1117 et
936 1079 1009 1116 20⁰
1033 1074 1207 1128 Regum
1233 1074 1328 1128 xij0,
1363 1075 1581 1117 Dominus
1613 1077 1836 1118 transtulit
1869 1083 2099 1131 peccatum
2126 1077 2272 1119 David

468 1159 732 1214 poenitentis,
767 1157 792 1200 i.
814 1171 851 1198 e.
884 1155 1051 1197 remisit
1086 1155 1124 1196 ei
1160 1169 1340 1209 poenam
1372 1161 1596 1206 aeternam,
1634 1163 1679 1199 et
1718 1158 1951 1199 reservavit
1992 1172 2094 1200 eum
2129 1158 2273 1212 poenis

467 1238 794 1294 temporalibus,
836 1237 970 1279 finem
1010 1236 1286 1286 habentibus,
1329 1243 1377 1278 ut
1417 1237 1612 1279 declarat
1653 1236 1842 1279 Sanctus
1880 1237 2129 1292 Gregorius,
2161 1238 2272 1280 libro

470 1352 479 1362 .
511 1352 522 1362 .
556 1353 565 1361 .
602 1319 851 1368 Moralium,
894 1325 938 1361 et
978 1331 1057 1372 pro
1097 1318 1191 1359 istis
1231 1318 1374 1372 poenis
1415 1318 1663 1360 minuendis
1711 1324 1756 1360 et
1802 1319 2079 1361 remittendis
2124 1320 2271 1361 confe-

470 1408 622 1443 runtur
660 1400 964 1455 indulgenciae.
1044 1399 1149 1441 Non
1190 1399 1307 1440 enim
1347 1399 1531 1441 solvitur
1573 1399 1707 1441 homo
1751 1413 1831 1454 per
1872 1400 2175 1455 indulgencias
2214 1401 2272 1442 ab

468 1482 616 1536 aliquo
650 1488 750 1524 actu
781 1480 1024 1523 necessario
1055 1485 1099 1522 et
1131 1480 1295 1531 debito,
1327 1493 1461 1534 quem
1497 1486 1672 1522 tenetur
1700 1493 1847 1522 coram
1881 1480 1979 1522 Deo
2009 1481 2162 1533 facere,
2192 1482 2271 1524 sed

468 1578 496 1605 a
527 1576 661 1617 poena
695 1575 829 1616 quam
859 1575 918 1602 ex
953 1561 1051 1615 lege
1093 1561 1324 1603 sustineret
1357 1560 1427 1602 vel
1465 1574 1523 1602 ex
1560 1561 1740 1602 arbitrio
1771 1560 1942 1615 judicis,
1978 1567 2022 1603 et
2055 1561 2154 1604 ideo
2190 1576 2271 1616 pro

469 1644 612 1698 poenis
657 1657 736 1684 seu
781 1643 1057 1696 poenitenciis
1108 1655 1326 1684 canonum
1377 1641 1574 1683 delendis
1625 1647 1670 1684 et
1721 1642 2004 1690 remittendis,
2050 1643 2271 1697 praecipue

468 1725 725 1766 ordinantur
763 1723 1052 1776 indulgenciae
1093 1736 1311 1767 concessae
1353 1722 1410 1765 ab
1452 1722 1647 1765 ecclesia.
1723 1722 1813 1765 Sed
1846 1723 1920 1776 qui
1955 1724 2269 1777 poenitenciam

468 1818 648 1847 omnem
683 1804 953 1845 arbitrariam
984 1818 1011 1845 a
1040 1805 1268 1846 sacerdote
1303 1805 1347 1846 in
1379 1804 1474 1846 foro
1514 1804 1794 1858 poenitenciae
1833 1804 2077 1858 injunctam
2111 1811 2270 1859 sponte

468 1885 645 1940 respuit,
688 1898 775 1926 non
816 1884 945 1925 video
986 1885 1172 1938 qualiter
1210 1899 1360 1927 revera
1399 1886 1619 1939 poenitens
1658 1885 1726 1934 sit,
1773 1899 1854 1927 nec
1897 1885 2085 1940 qualiter
2124 1898 2269 1940 capax

468 1966 769 2021 indulgendae,
806 1979 885 2007 nec
924 1966 1052 2007 video
1093 1967 1279 2020 qualiter
1311 1973 1490 2021 paratus
1535 1973 1602 2008 est
1641 1966 1855 2008 sustinere
1896 1980 2076 2021 poenam
2106 1980 2133 2008 a
2169 1966 2269 2007 Deo

469 2047 752 2101 infligendam
788 2052 889 2100 post
925 2052 1123 2096 mortem,
1161 2048 1236 2101 qui
1271 2047 1341 2090 hic
1381 2061 1560 2090 omnem
1600 2047 1764 2102 respuit
1804 2047 2117 2101 poenitenciam
2152 2047 2266 2100 arbi-

467 2130 646 2171 trariam
685 2128 936 2182 injunctam.
1014 2128 1231 2171 Dominus
1281 2130 1397 2172 enim
1443 2130 1577 2179 Deus,
1619 2129 1693 2183 qui
1741 2142 1891 2170 veram
1941 2128 2266 2182 indulgenciam

469 2208 702 2251 efficaciter
740 2198 917 2248 confert
954 2219 1054 2247 vere
1102 2207 1421 2260 poenitentibus
1471 2213 1516 2249 et
1559 2206 1791 2256 conversis,
1833 2205 1951 2247 unde
1990 2206 2139 2247 Ysaiae
2176 2191 2295 2260 43⁰,⁴

470 2292 479 2309 ‘
498 2287 597 2341 Ego
626 2301 724 2329 sum
755 2286 830 2340 qui
861 2285 986 2327 deleo
1018 2286 1269 2340 iniquitates
1299 2286 1428 2330 tuas.’
1489 2286 1654 2341 Injuria
1684 2287 1799 2328 enim
1836 2286 1922 2328 Dei
1958 2285 2194 2327 includitur
2223 2285 2267 2326 in

468 2369 588 2410 omni
623 2373 804 2422 peccato
841 2365 1026 2416 mortali,
1060 2373 1104 2408 et
1134 2367 1208 2408 illa
1240 2367 1396 2421 injuria
1433 2374 1500 2409 est
1534 2367 1750 2422 impietas,
1783 2367 1839 2408 de
1872 2379 1960 2420 qua
1990 2365 2137 2408 David
2166 2378 2267 2420 pro-

468 2448 603 2502 pheta
634 2453 833 2496 testatur,
856 2446 949 2487 ‘Tu
979 2447 1179 2489 remisisti
1211 2449 1484 2503 impietatem
1517 2448 1686 2503 peccati
1718 2446 1831 2489 mei.’
1891 2447 1975 2489 Pro
2004 2446 2087 2488 hac
2117 2447 2266 2488 remis-

468 2529 588 2570 sione
627 2527 936 2582 consequenda
965 2527 1072 2568 dicit
1113 2536 1289 2570 sanctus
1331 2529 1545 2583 Baptista,
1586 2529 1755 2571 Mathei
1790 2532 1848 2580 4⁰,
1883 2527 2064 2569 ‘Facite
2106 2527 2265 2581 dignos

467 2606 659 2658 fructus,’
694 2610 721 2650 i.
743 2622 779 2650 e.
821 2620 956 2661 opera
996 2607 1286 2660 poenitenciae,
1331 2612 1406 2650 ‘et
1444 2610 1581 2651 nolite
1620 2610 1765 2651 dicere
1805 2608 1918 2650 intra
1960 2621 2051 2658 vos,
2092 2612 2264 2661 patrem

467 2687 681 2730 habemus
716 2684 975 2737 Abraham,’
1005 2687 1125 2740 quod
1163 2693 1227 2728 est
1264 2688 1419 2740 dicere,
1456 2689 1608 2730 Nolite
1643 2690 1830 2738 credere,
1865 2688 1984 2742 quod
2016 2685 2182 2729 meritis
2217 2691 2263 2727 et

469 2768 701 2810 autoritate
735 2767 882 2822 magni
917 2767 1051 2821 patris
1082 2765 1312 2807 Abraham
1342 2773 1485 2809 vestra
1517 2775 1697 2822 peccata
1734 2769 2020 2817 remittentur,
2052 2766 2129 2807 sed
2160 2777 2262 2807 con-
