2456 3210
449 209 510 265 -38
959 213 1089 249 ωε]
1125 213 1163 247 Ε
1202 213 1367 248 LJBRO
1416 213 1758 249 VERJTATUM.

455 366 534 399 nec
561 362 766 411 vesperae,
790 362 833 397 et
866 356 1024 397 inista
1055 356 1381 410 perturbatione
1413 356 1588 410 reliquit
1618 357 1840 410 predictus
1861 355 2262 412 JohannesKemp

442 444 579 479 'suam
616 437 844 479 ecclesiam
883 436 1222 487 Eboracensem,
1250 449 1387 489 quum
1432 435 1516 478 fuit
1554 435 1696 498 factus
1730 436 1962 491 episcopus
2000 435 2262 488 Cantuariae‚

434 524 498 559 2et
528 517 658 558 simul
687 531 786 558 cum
824 516 908 558 hoc
939 516 1171 558 cardinalis
1203 517 1435 570 episcopus
1466 517 1523 558 de
1555 516 1712 568 Roma,
1741 522 1786 558 et
1816 523 1911 558 tum
1950 516 2140 559 Romam
2173 530 2262 559 non

451 599 532 640 ivit
562 610 642 639 nec
672 598 850 652 quando
881 597 962 638 fuit
992 596 1345 651 archiepiscopus
1374 597 1668 638 Eboracensis
1699 603 1744 638 et
1771 597 2001 639 cardinalis
2030 597 2261 651 presbiter,

453 686 533 719 nec
570 687 670 719 cum
710 677 791 718 fuit
831 677 1183 731 archiepiscopus
1221 676 1552 718 Cantuariensis
1586 683 1630 718 et
1670 677 1902 719 cardinalis
1942 678 2185 732 episcopus,
2216 683 2262 720 et

454 758 594 799 malos
625 764 669 799 et
699 763 934 801 extraneos
963 764 1007 799 et
1035 763 1287 799 curtesanos
1309 757 1536 799 Romanos
1563 757 1754 812 providit
1780 764 1824 799 et
1852 758 1985 812 elegit
2012 758 2053 798 in
2077 770 2261 812 magnas

450 839 690 893 dignitates
721 851 812 879 suae
844 838 1040 879 ecclesiae
1074 837 1363 879 Eboracensis
1395 844 1440 879 et
1470 837 1514 878 in
1545 844 1734 879 rectores
1765 851 1856 879 suae
1887 838 2085 879 diocesis.

567 924 727 969 [p.391.]
789 917 1088 960 Consimiliter
1118 918 1275 959 diversi
1312 918 1504 972 episcopi
1535 931 1652 958 anno
1689 916 1797 968 1448
1831 924 1876 960 et
1911 929 2020 970 1449
2052 918 2261 960 favebant

446 1007 496 1042 et
534 999 678 1040 verbis
719 998 1017 1040 defendebant
1058 998 1312 1053 episcopum
1356 998 1670 1048 Assavensem,
1706 997 1944 1039 Wallicum
1985 998 2162 1052 origine,
2199 1011 2258 1042 se.

453 1079 748 1133 Reginaldum
778 1078 924 1120 Pecok
956 1079 1145 1131 nomine,
1176 1080 1251 1133 qui
1287 1079 1429 1133 primo
1461 1078 1774 1132 praedicaverat
1810 1078 2052 1120 Londoniis
2082 1077 2259 1133 puplice

450 1162 505 1201 ad
529 1173 700 1202 crucem
724 1159 876 1201 Sancti
899 1159 1021 1200 Pauli
1043 1160 1236 1201 diversas
1262 1159 1475 1200 absurdas
1502 1158 1813 1210 conclusiones,
1834 1172 2020 1213 quarum
2048 1172 2137 1200 una
2163 1158 2258 1211 fuit,

449 1247 498 1281 ut
533 1240 727 1294 episcopi
765 1253 851 1281 non
888 1245 1094 1282 tenentur
1127 1240 1376 1294 praedicare‚
1412 1246 1458 1281 et
1487 1240 1607 1293 quod
1643 1239 1770 1298 electi
1807 1239 1851 1280 in
1884 1241 2151 1294 episcopum,
2182 1240 2257 1293 qui

449 1334 535 1361 non
572 1327 756 1374 possunt
787 1332 882 1361 esse
913 1321 1107 1374 episcopi
1143 1320 1224 1361 nisi
1257 1320 1378 1374 prius
1413 1319 1588 1361 solvunt
1620 1326 1706 1371 500
1736 1319 1805 1360 vel
1836 1319 1982 1373 plures
2014 1329 2256 1361 mercatum

448 1400 593 1441 Curiae
622 1400 849 1451 Romanae,
870 1414 957 1441 non
989 1401 1272 1442 committunt
1303 1407 1408 1442 tunc
1439 1400 1699 1454 symoniam,
1722 1412 1802 1440 nec
1823 1406 2008 1453 peccant
2037 1400 2081 1440 in
2107 1400 2256 1441 dando

447 1481 655 1534 pecunias
683 1480 782 1522 illas
804 1481 936 1534 Papae
968 1485 1012 1523 et
1035 1480 1179 1522 Curiae
1212 1481 1457 1529 Romanae;
1490 1486 1535 1521 et
1565 1480 1758 1534 episcopi
1789 1480 1947 1521 diversi
1978 1480 2017 1520 ei
2048 1479 2256 1522 favebant

448 1566 494 1601 et
526 1562 722 1602 unanimi
759 1574 973 1602 consensu
1010 1562 1049 1602 ei
1085 1561 1363 1612 assistebant,
1396 1560 1514 1602 idem
1551 1559 1831 1607 affirmantes,
1865 1560 1943 1601 sed
1976 1558 2108 1600 nichil
2138 1559 2257 1614 lege-

446 1641 556 1681 ban't
596 1654 674 1681 nec
710 1640 753 1680 in
790 1641 961 1695 scriptis
996 1655 1076 1695 pro
1114 1655 1166 1682 eo
1209 1640 1580 1691 determinabant,
1612 1639 1812 1693 quamvis
1851 1639 2010 1681 diversi
2051 1639 2255 1682 doctores

445 1720 621 1775 puplice
652 1726 804 1762 contra
831 1721 1018 1762 eundem
1041 1721 1294 1775 episcopum
1316 1720 1533 1762 contraria
1561 1719 1776 1774 episcopis
1804 1719 2004 1773 legerunt
2033 1725 2078 1760 et
2108 1719 2255 1762 deter-

446 1801 720 1844 minaverunt
761 1800 1014 1850 Londoniis,
1056 1808 1101 1843 et
1136 1802 1180 1842 in
1221 1801 1504 1842 universitate
1555 1799 1865 1853 Cantabrigiae,
1908 1799 2088 1841 Oxonia
2129 1801 2250 1841 metu

445 1880 738 1934 displicenciae
759 1881 1063 1935 episcoporum
1081 1886 1271 1923 tacente.
1317 1880 1407 1923 Sed
1430 1881 1519 1922 duo
1535 1878 1693 1929 clerici,
1715 1880 1789 1933 qui
1811 1893 1891 1933 pro
1911 1886 2037 1934 parte
2057 1880 2251 1934 episcopi

444 1959 1061 2013 Assavensis‘laboraverunt,
1093 1962 1346 2003 defecerunt
1374 1966 1620 2002 scrutantes
1648 1959 1866 2010 scrutinio,
1895 1960 1999 2014 quia
2030 1960 2249 2002 intentum

443 2049 571 2082 suum
603 2041 795 2082 invenire
826 2054 906 2082 nec
936 2042 1123 2095 probare
1154 2042 1197 2082 in
1225 2043 1440 2094 scriptura
1471 2045 1706 2094 potuerunt
1737 2040 1813 2081 sed
1845 2040 2043 2094 absorpti
2074 2039 2250 2082 fuerunt

439 2121 590 2174 juncti·
611 2126 760 2175 petrae,
787 2121 815 2161 i.
833 2134 870 2161 e.
894 2121 1061 2162 confusi
1093 2122 1268 2163 fuerunt
1295 2134 1394 2163 cum
1426 2119 1542 2162 facta
1572 2119 1653 2161 fuit
1683 2119 1864 2161 collacio
1894 2120 2009 2161 inter
2039 2120 2173 2161 verba
2204 2125 2250 2162 et

442 2201 589 2255 glosas
619 2200 791 2242 illorum
823 2206 868 2242 et
899 2201 1016 2242 dicta
1048 2201 1126 2243 Xti
1159 2209 1203 2243 et
1234 2207 1485 2243 sanctorum
1517 2206 1670 2241 contra
1701 2213 1853 2241 eorum
1883 2201 2115 2242 intentum.

558 2287 593 2331 [p
627 2285 718 2331 394]
777 2280 914 2322 Anno
946 2281 1127 2323 Domini
1163 2294 1269 2336 1449
1300 2287 1343 2322 et
1370 2281 1508 2322 eciam
1539 2286 1682 2331 antea,
1714 2280 1945 2334 episcopus
1966 2279 2246 2329 Assavensis,

444 2361 716 2422 Reginaldus
748 2360 905 2409 Pecok,
947 2361 1021 2414 qui
1074 2369 1228 2415 postea
1270 2361 1353 2403 fuit
1403 2360 1635 2413 episcopus
1679 2359 1973 2411 CicestrensiS,
2014 2359 2156 2402 tenuit
2201 2363 2247 2402 et

443 2441 618 2494 puplice
652 2440 907 2495 praedicavit
941 2442 1060 2494 quod
1099 2442 1243 2482 nullus
1279 2440 1510 2496 episcopus
1550 2439 1594 2480 in
1630 2439 1714 2481 hoc
1749 2441 1869 2494 quod
1908 2446 1976 2482 est
2014 2440 2245 2494 episcopus

443 2527 619 2562 tenetur
649 2521 898 2575 praedicare,
932 2527 977 2562 et
1006 2520 1095 2562 fere
1126 2534 1280 2562 omnes
1313 2521 1517 2561 doctores
1546 2519 1736 2573 Angliae,
1766 2526 1872 2562 tunc
1908 2533 1954 2562 re
1986 2526 2031 2562 et
2066 2519 2245 2560 nomine

443 2599 612 2650 famosi,
643 2608 796 2643 contra
831 2614 931 2642 eum
965 2601 1173 2642 dixerunt
1210 2608 1254 2643 et
1286 2600 1550 2654 scripserunt
1591 2606 1742 2641 contra
1779 2600 1875 2653 ejus
1916 2599 2071 2641 salsam
2105 2611 2243 2640 asser-

443 2680 627 2721 cionem.
687 2682 803 2723 Tum
831 2681 1022 2723 Oxoniae
1049 2681 1093 2721 in
1121 2680 1250 2722 scolis
1277 2680 1464 2734 puplicis
1491 2693 1570 2733 per
1597 2681 1709 2721 duos
1739 2693 1877 2721 annos
1909 2693 2063 2734 parurn
2093 2684 2244 2720 contra

446 2773 543 2799 eum
597 2761 756 2802 lectum
809 2762 876 2803 vel
930 2763 1198 2814 disputatum
1252 2760 1344 2809 suit,
1388 2767 1431 2801 et
1478 2773 1654 2801 causam
1707 2766 1861 2813 reputo
1912 2760 2043 2800 fuisse
2094 2758 2243 2799 defen-
