2456 3210
632 257 767 294 LOCI
801 258 841 293 E
878 258 1044 294 LIBRO
1091 257 1293 292 VERJTA
1303 257 1434 294 TUM.
1885 261 1940 304 29

174 404 177 406 ’
254 397 562 442 Tercia'causa
581 399 759 443 haeresis
779 401 873 452 suit,
895 401 998 456 quia
1016 401 1164 456 plures
1183 401 1384 442 videntes
1404 399 1551 454 plures
1572 411 1766 440 asserere
1791 395 1939 449 unum,

137 486 185 522 et
209 493 339 534 aeque
365 479 511 535 plures
531 480 732 522 homines
752 495 946 523 asserere
969 481 1247 532 contrarium,
1268 493 1356 522 non
1376 479 1617 522 credebant
1635 492 1740 520 vero
1758 485 1942 533 propter

138 559 436 602 diversitatem
477 561 733 614 opinionum
773 568 819 603 et
859 562 1077 604 contraria
1114 561 1371 611 dicencium,
1407 566 1453 601 et
1491 559 1554 601 sic
1594 572 1683 600 non
1723 565 1939 600 noverunt

132 653 221 682 nec
256 639 535 682 crediderunt
568 655 719 683 verum
755 656 836 683 nec
867 656 1000 696 opere
1031 642 1350 696 impleverunt3
1393 647 1439 682 et
1472 640 1534 680 sic
1565 652 1720 681 vocem
1747 638 1939 693 proximi

134 721 205 762 sui
236 721 281 762 in
312 720 498 762 aedificio
527 722 657 763 turris
687 722 913 763 Babilonis
943 722 1091 763 nullus
1120 721 1351 769 intellexit,
1381 721 1408 760 i.
1424 735 1462 761 e.
1482 733 1634 761 verum
1665 718 1938 761 intellectum

139 814 231 842 non
265 801 429 855 recepit
458 807 638 855 propter
667 802 968 844 confusionem
1004 816 1198 844 errorum
1226 809 1274 844 et
1305 801 1562 855 opinionum
1597 800 1938 842 contrariarum:

138 888 188 922 et
225 879 322 922 haec
362 887 407 935 3¹⁵
445 895 578 923 causa
614 881 794 924 haeresis
833 889 958 937 patet
991 897 1070 937 per
1107 889 1308 924 sanctum
1346 889 1391 923 et
1421 880 1718 922 venerabilem
1756 880 1939 930 Bedam‚

137 961 366 1003 doctorem
407 967 453 1003 et
496 961 761 1004 monachum
807 963 1071 1017 Anglorum,
1113 976 1247 1017 super
1286 961 1495 1003 Genesim
1539 960 1677 1002 Accae
1717 961 1936 1014 episcopo,

137 1041 335 1095 capitulo
372 1041 452 1093 xi;
493 1041 685 1084 haeretici
726 1044 843 1084 enim
881 1044 984 1097 vagi
1024 1050 1181 1095 errant,
1212 1055 1328 1084 nunc
1368 1042 1426 1083 ad
1465 1041 1547 1082 has
1588 1054 1704 1082 nunc
1743 1040 1800 1081 ad
1842 1039 1939 1081 illas

136 1121 384 1163 sentencias
423 1128 722 1173 transeuntes‚·
748 1137 838 1164 non
881 1124 1000 1165 enim
1042 1124 1104 1164 eis
1146 1123 1293 1178 placet
1331 1123 1452 1176 quod
1492 1121 1628 1162 semel
1669 1126 1939 1175 receperunt,

137 1202 218 1243 sed
263 1216 438 1258 semper
475 1209 627 1245 vetera
671 1210 845 1245 mutant
890 1205 1026 1255 novis,
1073 1210 1119 1246 et
1166 1203 1441 1246 ethnicorum
1492 1203 1722 1243 imitantur
1760 1215 1939 1243 errores.

141 1282 255 1325 Haec
288 1289 465 1325 sanctus
495 1283 746 1337 Jeronimus
775 1298 907 1339 super
937 1285 1069 1327 Oseae
1099 1285 1379 1340 prophetiam
1411 1284 1605 1338 capitulo
1636 1285 1730 1335 ix⁰;
1767 1291 1811 1325 et
1842 1297 1939 1337 ego,

137 1361 294 1404 doctor
337 1368 384 1404 et
427 1363 711 1406 cancellarius
752 1364 955 1416 Oxoniae,
1000 1367 1100 1406 novi
1141 1366 1261 1419 quod
1303 1365 1385 1406 iste
1425 1364 1663 1419 praedictus
1707 1364 1939 1418 episcopus

128 1440 412 1496 ›Reginaldus
441 1454 519 1498 per
547 1444 692 1497 plures
711 1459 850 1487 annos
870 1446 1042 1487 solebat
1061 1446 1187 1500 plura
1206 1446 1406 1496 scribere,
1427 1452 1471 1487 et
1500 1459 1675 1499 semper
1699 1451 1936 1499 postquam

134 1522 298 1577 scripta
343 1529 478 1574 erant,
524 1525 698 1579 propria
741 1540 820 1567 sua
867 1539 999 1567 manu
1047 1525 1305 1567 cancellavit
1343 1526 1504 1576 omnia,
1546 1526 1698 1567 dicens
1741 1526 1935 1580 seipsum

137 1604 348 1657 reperisse
385 1605 505 1658 quod
545 1605 655 1647 falsa
694 1612 740 1648 et
786 1607 936 1660 inepta
979 1607 1099 1660 prius
1145 1607 1388 1660 scripserat,
1427 1612 1473 1647 et
1513 1607 1575 1648 sic
1618 1607 1851 1648 scribendo
1892 1614 1938 1648 et

127 1684 278 1725 eciam
308 1684 352 1725 in
382 1685 653 1747 consiliando
681 1687 923 1741 saepissime
955 1687 1174 1729 revocavit
1204 1694 1253 1728 ut
1282 1687 1404 1738 falsa,
1427 1701 1528 1741 quae
1556 1687 1678 1742 prius
1703 1688 1936 1729 scribendo

136 1770 184 1806 et
202 1763 389 1806 dicendo
408 1767 594 1808 asseruit
618 1781 713 1809 esse
732 1781 845 1818 vera,
875 1774 921 1809 et
950 1768 1012 1809 sic
1040 1774 1226 1822 apparet
1255 1767 1505 1810 Salomonis
1533 1768 1713 1816 dictum,
1736 1773 1746 1790 ‘
1763 1768 1937 1811 Stultus

137 1848 189 1884 ut
217 1841 322 1885 luna
349 1846 596 1897 mutatur3'
626 1852 672 1888 et
705 1847 769 1888 sic
800 1847 921 1888 omni
952 1853 1087 1888 vento
1116 1846 1417 1888 circumfertur
1446 1853 1490 1888 et
1521 1853 1723 1888 movetur
1754 1853 1799 1888 et
1831 1848 1936 1890 doc-

138 1922 262 1964 trinis
302 1925 432 1965 variis
479 1925 724 1967 abducitur.
776 1926 904 1977 ‚Iste
953 1925 1228 1980 Reginaldus
1279 1926 1528 1980 Episcopus
1576 1925 1841 1968 Assavensis
1891 1928 1934 1968 in

139 2001 300 2045 wallia
326 2005 456 2046 valde
485 2005 567 2047 fuit
598 2006 838 2060 dispositus
863 2007 922 2048 ad
949 2006 1119 2060 lepram
1149 2008 1342 2061 corporis
1371 2014 1416 2049 et
1446 2007 1593 2061 plures
1622 2008 1679 2048 de
1708 2008 1935 2061 parentela

139 2097 220 2124 sua
252 2083 424 2127 fuerunt
461 2100 644 2140 corpore
686 2087 882 2141 leprosi3
937 2087 1078 2128 eciam
1123 2088 1206 2129 iste
1257 2089 1487 2142 episcopus
1526 2088 1609 2129 fuit
1647 2088 1844 2142 leprosus
1889 2089 1932 2128 in

140 2169 300 2214 mente,
346 2165 373 2207 i.
387 2179 424 2207 e.
467 2166 699 2216 haereticus
743 2167 863 2208 sama
910 2168 1100 2221 plurium
1141 2167 1236 2210 suit.
1315 2169 1471 2223 Nuper
1517 2183 1631 2210 unus
1671 2170 1794 2222 quasi
1841 2168 1934 2209 xxti

139 2256 355 2285 annorum
382 2246 561 2288 scolaris
591 2248 635 2288 in
664 2249 953 2302 grammatica
983 2247 1187 2297 Oxoniae‚
1220 2249 1294 2302 qui
1326 2250 1524 2291 existens
1551 2249 1596 2290 in
1626 2249 1778 2290 habitu
1810 2262 1932 2289 secu·
1950 2279 1974 2283 -

133 2321 220 2363 lari
250 2331 478 2367 accusatus
509 2327 591 2368 suit
623 2328 714 2383 regi
745 2328 926 2383 Angliae
959 2328 1153 2370 Henrico
1183 2336 1315 2371 sexto
1346 2331 1403 2372 de
1442 2330 1622 2371 diversis
1655 2336 1699 2370 et
1733 2328 1933 2382 pessimis

113 2399 379 2443 -haeresibus
415 2409 462 2444 et
501 2405 619 2458 quod
659 2406 920 2447 comedebat
962 2419 1114 2447 carnes
1158 2407 1278 2447 omni
1322 2406 1428 2448 seria
1477 2412 1618 2456 sexta,
1659 2412 1704 2446 et
1743 2405 1933 2446 traditus

140 2479 346 2533 episcopo
385 2481 679 2526 Lincolniensi
722 2486 903 2527 domino
947 2485 1172 2527 Willelmo
1216 2486 1475 2541 Alnewyke,
1517 2487 1809 2528 incarceratus
1850 2485 1932 2526 fuit

140 2560 185 2600 in
225 2559 550 2615 Wallyngforth
596 2571 641 2605 et
680 2578 826 2606 coram
874 2565 1081 2620 episcopo
1126 2565 1351 2619 abjuratus
1395 2567 1535 2608 sactus
1579 2572 1646 2606 est
1693 2564 1932 2606 monachus

115 2639 419 2689 -Abendonae,
440 2648 486 2683 et
514 2642 572 2683 ibi
603 2644 824 2686 confessus
855 2652 922 2687 est
948 2646 1179 2687 manifeste
1200 2660 1346 2687 coram
1372 2647 1534 2687 abbate
1555 2644 1778 2685 XVillelmo
1809 2646 1928 2698 quod

119 2732 293 2786 ‘omnes
335 2718 523 2761 haereses
566 2735 668 2763 suas
718 2731 765 2766 et
807 2738 973 2766 errores
1020 2726 1184 2779 recepit
1230 2733 1275 2767 et
1321 2726 1474 2767 didicit
1513 2724 1570 2764 ab
1613 2737 1689 2764 ore
1731 2725 1929 2777 praedicti

140 2797 376 2852 Reginaldi
409 2800 600 2855 episcopi
635 2808 681 2844 et
713 2817 740 2844 a
767 2804 894 2846 *nullo
926 2805 1023 2856 alio,
1056 2811 1100 2846 et
1141 2805 1235 2847 haec
1271 2819 1366 2846 esse
1401 2818 1501 2845 vera
1537 2817 1683 2844 coram
1719 2804 1930 2857 praedicto
