2456 3210
693 333 825 370 LOCI
858 334 898 368 E
936 333 1102 369 LIBRO
1147 332 1493 369 VERJTATUM.
1911 333 1992 375 217

194 475 271 530 qui
301 476 363 519 ita
391 476 624 532 vilipendit
652 478 815 532 scripta
844 483 1096 519 sanctorum
1121 478 1353 519 doctorum
1376 475 1601 531 Jeronimi‚
1626 474 1867 523 Ambrosii,
1896 473 1995 514 Au-

193 557 369 610 gustini,
390 564 435 599 et
456 557 667 612 Gregorii,
687 564 733 600 et
759 557 945 599 aliorum
973 557 1163 612 plurium
1188 563 1454 608 sanctorum,
1475 557 1633 599 merito
1655 555 1739 597 fuit
1765 569 1793 597 a
1817 553 1995 595 milibus

194 635 425 679 hominum
445 639 490 679 in
509 652 589 680 sua
610 639 849 693 praesencia
869 639 1163 681 existentibus
1188 639 1520 681 verecundatus.
1582 638 1750 679 Fatuus
1781 642 1849 678 est
1876 636 1995 677 enim

195 716 331 760 homo
351 719 427 773 qui
447 720 630 774 sagittat
649 726 699 762 ut
719 719 918 761 destruat
938 719 1104 771 solem;
1134 720 1196 762 sic
1214 719 1362 762 fatuus
1382 719 1464 761 fuit
1484 720 1567 761 iste
1589 718 1737 761 Pecok
1760 718 1836 772 qui
1859 716 1996 758 verba

197 799 430 843 evomebat
450 806 604 842 contra
622 806 799 842 sanctos
819 801 1022 842 doctores
1041 801 1327 854 Jeronimum,
1344 800 1647 850 Ambrosium,
1664 806 1709 841 et
1724 799 1834 840 alios
1850 797 1997 852 plures

196 886 372 921 sanctos
398 886 556 935 patres,
579 887 624 923 et
651 894 802 922 eorum
828 881 1003 935 scripta,
1032 895 1136 922 nam
1157 883 1332 936 sagittae
1358 895 1450 923 suae
1477 888 1630 923 contra
1656 880 1818 933 scripta
1845 890 1998 920 eorum

198 960 370 1002 emissae
409 961 660 1002 ceciderunt
705 975 837 1015 super
875 967 1008 1015 caput
1056 961 1193 1015 ipsius
1231 961 1494 1015 sagittantis,
1535 961 1713 1015 quando
1749 959 1871 1013 justo
1911 956 1998 999 Dei

192 1039 359 1093 judicio
399 1022 565 1083 errores
598 1055 712 1093 suos,
748 1047 793 1083 et
826 1041 1027 1091 haereses,
1065 1049 1111 1084 et
1145 1042 1280 1084 libros
1314 1056 1417 1084 suos
1446 1042 1645 1097 proprios
1685 1039 1916 1094 abjuravit,
1953 1044 1999 1079 et

196 1121 315 1175 ipsos
355 1121 551 1163 comburi
592 1121 774 1175 optavit,
815 1127 861 1163 et
900 1122 1110 1176 praecepit
1151 1136 1299 1164 coram
1339 1137 1466 1165 cruce
1508 1122 1661 1164 Sancti
1702 1120 1838 1172 Pauli,
1878 1119 1999 1160 Lon-

197 1202 353 1251 doniis,
383 1216 500 1244 anno
530 1202 611 1244 Xti
642 1207 736 1244 m¹¹²⁰
763 1207 913 1244 cccc¹¹²⁰
943 1203 1307 1257 quinquagesimo
1336 1203 1408 1258 vij,
1435 1203 1515 1258 iiij⁰
1545 1203 1619 1245 die
1649 1201 1925 1250 Decembris,
1955 1200 2000 1240 in

197 1295 287 1336 quo
325 1282 409 1325 fuit
446 1288 551 1324 tune
590 1282 640 1337 ij·
674 1283 896 1325 dominica
935 1284 1153 1325 adventus
1183 1284 1392 1334 Domini3
1433 1291 1479 1326 et
1518 1284 1581 1325 sic
1620 1283 1667 1324 in
1697 1282 1855 1324 eodem
1891 1281 2000 1330 loco,

199 1362 274 1403 ubi
308 1362 405 1417 ipse
438 1362 587 1405 Pacok
626 1364 857 1418 episcopus
894 1362 1180 1406 Cicestrensis
1213 1365 1529 1419 praedicaverat
1566 1365 1686 1419 prius
1726 1361 1846 1417 quod
1887 1360 2002 1415 epis-

198 1443 298 1498 copi
332 1457 422 1485 non
453 1449 659 1486 tenentur
686 1444 927 1498 praedicare
963 1443 1130 1498 populo
1165 1459 1256 1486 suae
1295 1446 1493 1495 diocesis,
1522 1446 1567 1486 in
1600 1444 1758 1487 eodem
1792 1443 1892 1484 loco
1922 1441 2000 1483 ab-

196 1523 364 1577 juravit
401 1524 535 1566 libros
577 1538 682 1566 suos
712 1525 911 1579 proprios
942 1524 987 1564 in
1018 1524 1179 1578 quibus
1216 1525 1290 1567 ille
1332 1540 1520 1581 magnus
1557 1538 1675 1567 error
1709 1524 1895 1577 scriptus
1935 1528 2003 1563 est

198 1617 279 1658 per
307 1618 421 1656 eum,
442 1610 487 1646 et
516 1605 810 1646 demandatus
837 1605 895 1646 ad
918 1604 1202 1647 Cantuariam
1229 1611 1333 1660 post
1362 1620 1488 1648 suam
1517 1605 1843 1660 abjuracionem
1872 1602 2000 1651 dixit,

198 1683 334 1738 ‘Wyt
356 1684 466 1727 hath
491 1686 675 1726 wundur
700 1684 799 1726 that
823 1698 950 1726 reson
979 1684 1069 1726 kan
1091 1690 1171 1727 not
1193 1686 1283 1738 tel;
1318 1686 1419 1728 how
1441 1701 1469 1728 a
1496 1686 1650 1727 moder
1678 1686 1715 1726 is
1746 1684 1882 1739 mayd
1913 1683 2002 1725 and

202 1763 304 1806 God
334 1766 372 1807 is
396 1763 523 1817 man‚'
547 1763 847 1821 (Gascozjgnd)
874 1765 1018 1806 ‘Leve
1047 1779 1188 1815 reson,
1209 1766 1363 1809 beleve
1390 1781 1448 1821 ye
1474 1766 1675 1817 wonder;
1707 1764 1869 1806 Beleve
1891 1762 2003 1805 hath

203 1851 372 1900 mastry
401 1846 490 1887 and
520 1859 647 1887 reson
682 1846 719 1887 is
752 1843 919 1886 under?
979 1845 1219 1887 Praedictus
1252 1847 1400 1889 Pecok
1436 1847 1666 1902 episcopus
1702 1843 2002 1893 Cicestrensis,

202 1925 248 1966 in
291 1931 491 1980 tempore
532 1926 847 1980 archiepiscopi
894 1924 1222 1986 Cantuariensis
1266 1926 1462 1969 Stafford
1506 1927 1695 1977 nomine,
1734 1925 1912 1980 quando
1957 1925 2002 1964 in

204 2004 298 2058 ejus
327 2007 566 2060 praesencia
599 2006 803 2049 doctores
837 2006 1032 2061 theologi
1070 2006 1348 2049 Oxonienses
1384 2014 1429 2050 et
1465 2007 1849 2061 Cantabrigienses
1885 2005 2003 2058 lege-

203 2085 313 2127 bant
336 2087 456 2140 apud
485 2086 711 2136 Lamhith,
743 2086 918 2141 publice
950 2093 994 2128 et
1023 2100 1154 2141 saepe,
1181 2088 1225 2128 in
1255 2089 1495 2142 praesencia
1523 2088 1658 2142 ipsius
1688 2083 2002 2139 archiepiscopi

205 2172 252 2207 et
271 2165 406 2219 ipsius
427 2166 573 2208 Pecok
592 2173 743 2208 contra
770 2167 867 2218 hoc,
887 2167 1006 2221 quod
1030 2168 1123 2221 ipse
1153 2167 1299 2209 Pecok
1323 2170 1638 2222 praedicaverat
1666 2167 1786 2221 quod
1807 2164 2001 2219 episcopi

204 2259 294 2286 non
314 2251 519 2287 tenentur
537 2247 711 2301 publice
731 2248 981 2302 praedicare,
997 2252 1042 2289 et
1062 2254 1313 2289 sanctorum
1332 2255 1508 2303 patrum
1528 2247 1829 2290 sanccionibus
1850 2250 2002 2286 contra

205 2326 351 2380 ipsum
378 2327 631 2381 episcopum
657 2327 804 2370 P'acok
826 2328 1038 2382 allegatis,
1068 2328 1364 2382 respondebat
1391 2329 1485 2384 ipse
1511 2329 1659 2371 Pacok
1688 2305 1886 2367 ‘Tucbl’
1922 2325 1949 2366 i.
1964 2337 1999 2365 e.

206 2410 220 2430 ‘
231 2405 354 2448 Vath
369 2404 400 2446 !’
439 2407 496 2448 de
515 2407 644 2450 dictis
663 2408 903 2458 doctorum,
926 2415 971 2450 et
991 2408 1100 2450 alias
1124 2408 1186 2450 sic
1207 2409 1323 2451 dixit
1341 2427 1351 2451 :
1393 2412 1403 2430 ‘
1419 2409 1568 2464 Quare
1588 2423 1667 2451 vos
1687 2421 1775 2448 non
1800 2405 2001 2459 allegatis

205 2493 388 2538 vosmet,
418 2500 518 2528 cum
544 2488 649 2530 estis
677 2489 892 2541 doctores,
923 2497 973 2532 ut
1006 2489 1258 2543 Jeronimus
1294 2496 1339 2531 et
1372 2488 1697 2545 Augustinus?'
1736 2495 1781 2529 et
1816 2486 1877 2528 sic
1912 2499 2000 2526 non

206 2567 371 2609 curavit
404 2567 462 2609 de
495 2569 667 2622 scriptis
700 2577 953 2612 sanctorum
989 2571 1231 2621 doctorum,
1267 2584 1383 2624 ergo,
1412 2571 1534 2624 justo
1571 2569 1658 2611 Dei
1693 2567 1871 2622 judicio,
1902 2565 1999 2606 libri

207 2648 344 2702 ipsius
364 2647 512 2689 Pacok
531 2647 705 2691 suerunt
723 2650 971 2705 reprehensi
994 2658 1039 2692 et
1060 2651 1280 2692 combusti
1301 2651 1544 2693 Londoniis
1563 2658 1668 2691 ante
1688 2661 1860 2690 crucem
1880 2646 2000 2687 beati

208 2727 331 2769 Pauli
358 2727 558 2782 apostoli,
584 2734 630 2770 et
653 2730 792 2772 eciam
821 2731 866 2772 in
892 2731 1086 2786 generali
1111 2732 1387 2786 processione
1415 2731 1709 2774 universitatis
1735 2729 1927 2771 Oxoniae
1954 2726 1999 2768 in

550 2853 559 2872 ¹
581 2853 654 2886 The
669 2854 815 2887 author’s
829 2867 925 2889 name
940 2858 969 2889 is
984 2858 1115 2889 written
1132 2857 1236 2888 under
1251 2857 1317 2888 and
1334 2858 1366 2889 in
1383 2857 1440 2889 the
1455 2866 1544 2887 same
1560 2855 1657 2887 hand.

1070 2935 1140 2975 Ff
