2456 3210
500 278 581 321 154
997 277 1127 312 LOCI
1161 276 1199 310 E
1239 277 1404 311 LIBRO
1452 276 1797 313 VERJTATUM.

503 409 599 457 non*
620 430 750 459 omne
782 419 899 472 quod
932 425 999 460 est
1025 419 1209 460 volitum
1234 432 1365 472 super
1394 424 1554 460 terram
1586 424 1652 460 est
1678 418 1863 460 volitum
1894 419 1937 460 in
1968 420 2093 462 coelo.
2139 420 2294 475 Aliqui

505 497 623 538 enim
659 500 840 542 credunt
868 500 988 554 quod
1019 500 1136 542 curia
1173 500 1376 541 Romana
1407 506 1475 541 est
1506 499 1567 540 ita
1600 499 1760 553 cupida
1789 499 1909 554 quod
1939 500 1975 541 si
2005 514 2122 555 papa
2151 508 2293 555 neget,

503 577 574 619 vel
615 593 702 621 non
742 580 847 622 velit
886 581 1038 632 facere,
1079 595 1159 623 nec
1199 580 1439 622 concedere
1479 579 1554 621 illa
1594 593 1653 621 ex
1693 580 1852 634 quibus
1891 581 2088 635 sequitur
2125 581 2294 624 lucrum

503 661 752 710 curtesanis‚
790 663 909 716 quod
950 667 1053 704 tunc
1088 661 1279 703 officiarii
1316 667 1362 703 et
1401 660 1620 702 curtesani
1656 661 1801 715 ipsum
1838 674 2000 716 papam
2035 662 2295 704 interficient

503 740 688 793 publice,
718 742 787 784 vel
818 743 1126 785 intoxicabunt
1153 756 1253 783 curn
1284 742 1341 783 ad
1373 747 1561 783 mortem
1592 733 1774 784 occulte.
1836 742 1954 783 Infra
1983 756 2148 797 paucos
2177 743 2294 785 enim

501 834 640 863 annos
673 823 1023 866 intoxicaverunt
1053 823 1364 865 Alexandrum
1394 836 1568 876 papam,
1594 828 1638 864 et
1674 823 1812 864 eciam
1842 823 2090 878 Eugenium
2117 837 2293 878 papam,

503 908 551 943 ut
581 903 818 946 dicebatur.
880 905 951 946 De
971 904 1234 946 Alexandro
1266 903 1497 945 constabat
1523 904 1643 957 quod
1665 902 1890 956 Johannes
1919 917 2037 958 papa
2065 915 2118 958 23
2149 904 2293 958 ipsum

498 982 810 1026 Alexandrum
841 986 1072 1028 intoxicari
1103 985 1216 1036 fecit,
1244 991 1292 1026 ut
1324 985 1418 1038 ipse
1448 983 1673 1037 Johannes
1706 991 1822 1026 esset
1861 998 2004 1039 papa3
2046 990 2090 1026 et
2121 984 2182 1026 sic
2211 984 2294 1026 fuit

498 1078 613 1118 papa
643 1065 807 1108 electus
838 1080 916 1120 per
945 1066 1212 1108 cardinales:
1245 1071 1290 1107 et
1319 1070 1475 1119 postea
1505 1064 1622 1106 idem
1643 1064 1878 1118 Johannes,
1901 1065 1946 1106 in
1970 1065 2153 1107 concilio
2176 1064 2293 1108 Con-

496 1146 742 1199 stanciensi,
773 1147 855 1189 suit
887 1147 1114 1201 depositus
1139 1161 1166 1188 a
1194 1152 1358 1200 papatu
1388 1146 1432 1186 in
1460 1151 1694 1199 perpetuos
1725 1158 1928 1198 carceres,
1953 1159 2035 1199 per⁴
2061 1145 2293 1188 concilium

495 1227 602 1269 illud
646 1228 861 1282 generale,
908 1236 952 1271 et
992 1235 1148 1282 postea
1186 1227 1334 1269 fractis
1373 1240 1452 1280 per
1491 1239 1592 1268 eum
1633 1226 1886 1275 carceribus,
1921 1226 2140 1268 Martinus
2176 1239 2294 1280 papa

494 1309 673 1362 quintus
706 1324 807 1351 eum
839 1309 942 1352 fecit
973 1308 1239 1351 cardinalem
1275 1308 1388 1350 circa
1427 1306 1587 1349 festum
1620 1306 1860 1348 nativitatis
1894 1306 2047 1349 Sancti
2078 1305 2293 1360 Johannis

495 1389 721 1444 Baptistae,
753 1397 797 1433 et
832 1392 876 1432 in
911 1390 1023 1433 festo
1055 1389 1297 1432 nativitatis
1328 1389 1509 1430 Domini
1545 1393 1699 1442 postea
1735 1393 1946 1441 sequente
1982 1394 2180 1430 mortuus
2211 1392 2292 1436 est,

494 1476 538 1511 et
566 1471 763 1524 sepultus
792 1471 1039 1523 Florentiae,
1061 1470 1341 1512 Lumbardus
1370 1469 1486 1511 enim
1514 1468 1595 1509 fuit
1623 1468 1866 1510 nativitate.
1929 1468 2145 1510 Romanis
2174 1467 2292 1509 enim

493 1550 644 1592 innata
684 1557 751 1593 est
793 1553 1021 1606 cupiditas,
1062 1551 1251 1593 testibus
1301 1549 1492 1591 historiis
1532 1548 1696 1590 Graecis
1736 1554 1780 1589 et
1821 1547 2003 1596 Latinis,
2045 1554 2095 1590 ut
2144 1547 2293 1590 scribit

495 1629 683 1673 Sanctus
714 1633 962 1685 Jeronimus
992 1646 1121 1687 super
1150 1632 1226 1673 illo
1256 1637 1385 1674 textu
1416 1630 1575 1680 Ysaiae‚
1604 1628 1818 1684 ‘Repleta
1849 1634 1917 1670 est
1946 1635 2063 1670 terra
2093 1626 2292 1681 argento'

493 1725 574 1766 pro
615 1713 856 1767 cupiditate
894 1714 1103 1768 pecuniae.
1164 1713 1350 1766 Prosper
1388 1711 1446 1753 de
1487 1709 1725 1761 Columnis,
1766 1708 1997 1750 cardinalis
2038 1708 2207 1759 Romae,
2247 1714 2292 1750 et

495 1808 632 1849 nepos
675 1795 854 1837 Martini
901 1795 1052 1849 quinti,
1098 1794 1332 1835 insurrexit
1378 1799 1530 1835 contra
1576 1804 1737 1846 papam
1778 1790 2027 1844 Eugenium
2074 1795 2291 1843 quartum,

494 1889 595 1918 cum
629 1889 716 1930 quo
744 1875 825 1917 fuit
855 1875 1097 1926 cardinalis,
1128 1880 1173 1916 et
1204 1875 1248 1915 in
1284 1875 1357 1915 die
1386 1872 1536 1915 Sancti
1571 1870 1767 1925 Gregorii
1795 1871 2064 1911 intraverunt
2096 1869 2289 1911 Romam

491 1957 563 2010 viij
598 1956 718 1998 milia
747 1963 1027 2007 armatorum,
1058 1955 1113 1995 ad
1146 1954 1435 1995 occidendum
1466 1965 1630 2007 papam
1663 1950 1923 2004 Eugenium,
1956 1963 2057 1992 cum
2093 1950 2290 2004 principe

495 2035 706 2078 Salerniae
742 2035 874 2076 fratre
909 2035 1107 2087 praedicti
1143 2034 1353 2087 Prosperi.
1428 2032 1645 2073 Martinus
1677 2030 1794 2072 enim
1830 2029 2007 2083 quintus
2039 2029 2163 2071 dedit
2192 2029 2287 2083 plu-

495 2360 591 2401 nius
641 2358 825 2413 privavit
874 2356 994 2397 illum
1036 2355 1295 2409 Prosperum
1336 2368 1363 2395 a
1407 2350 1688 2401 cardinalatu,
1735 2356 1780 2392 et
1826 2350 1882 2392 ab
1929 2349 2285 2392 archidiaconatu

496 2439 811 2489 Cantuariensi,
841 2450 973 2492 quem
1013 2435 1085 2477 ille
1125 2434 1358 2477 cardinalis
1393 2432 1547 2474 habuit
1587 2432 1630 2472 in
1667 2431 1975 2472 commendam
2011 2430 2056 2471 in
2086 2428 2283 2483 Anglia3

493 2526 537 2562 et
567 2526 683 2571 tunc,
704 2523 890 2561 vacante
920 2515 1276 2558 archidiaconatu
1305 2512 1526 2568 praedicte,
1547 2510 1751 2552 dominus
1781 2509 2132 2564 archiepiscopus
2161 2508 2284 2549 Hen-

493 2602 605 2643 ricus
629 2599 838 2644 Chichele
862 2597 985 2640 dedit
1013 2596 1134 2637 illum
1155 2595 1554 2637 archidiaconatum
1583 2592 1732 2645 nepoti
1760 2605 1838 2633 suo
1867 2590 2077 2645 magistro
2097 2588 2283 2630 Thomae

497 2681 716 2732 Chichele,
737 2679 904 2722 doctori
925 2677 1033 2732 juris
1055 2676 1278 2727 canonici;
1311 2681 1354 2717 et
1374 2680 1489 2724 tunc,
1510 2672 1731 2714 instanciis
1759 2678 1803 2714 et
1826 2678 1944 2714 metu
1968 2670 2282 2719 Romanorum,

495 2776 610 2816 papa
646 2760 871 2815 Eugenius
902 2757 1012 2812 iiijtus
1048 2757 1238 2798 restituit
1276 2754 1534 2810 praedictum
1572 2752 1831 2807 Prosperum
1868 2752 1912 2793 in
1952 2749 2280 2798 cardinalatum,

495 2848 539 2882 et
580 2842 622 2882 in
663 2841 811 2883 omnia
850 2837 1060 2882 beneficia
1100 2837 1258 2890 quibus
1301 2848 1401 2877 eum
1442 2839 1571 2875 antea
1613 2833 1883 2887 privaverat3
1924 2831 2000 2874 sed
2047 2828 2282 2883 praedictus
