<?xml version="1.0" encoding="UTF-8"?>
<!DOCTYPE html PUBLIC "-//W3C//DTD XHTML 1.0 Transitional//EN"
    "http://www.w3.org/TR/xhtml1/DTD/xhtml1-transitional.dtd">
<html xmlns="http://www.w3.org/1999/xhtml" xml:lang="en" lang="en">
 <head>
  <title>
</title>
<meta http-equiv="Content-Type" content="text/html;charset=utf-8" />
  <meta name='ocr-system' content='tesseract 3.04.00' />
  <meta name='ocr-capabilities' content='ocr_page ocr_carea ocr_par ocr_line ocrx_word'/>
</head>
<body>
  <div class='ocr_page' id='page_1' title='image "./locielibroverita00gascuoft_0106.png"; bbox 0 0 2456 3210; ppageno 0'>
   <div class='ocr_carea' id='block_1_1' title="bbox 503 236 1803 285">
    <p class='ocr_par' dir='ltr' id='par_1_1' title="bbox 503 236 1803 285">
     <span class='ocr_line' id='line_1_1' title="bbox 503 236 1803 285; baseline -0.001 -10"><span class='ocrx_word' id='word_1_1' title='bbox 503 246 532 285; x_wconf 85' lang='lat'>4</span> <span class='ocrx_word' id='word_1_2' title='bbox 1002 239 1135 275; x_wconf 89' lang='lat' dir='ltr'><em>LOCI</em></span> <span class='ocrx_word' id='word_1_3' title='bbox 1167 238 1207 274; x_wconf 91' lang='lat' dir='ltr'><em>E</em></span> <span class='ocrx_word' id='word_1_4' title='bbox 1245 238 1411 274; x_wconf 86' lang='lat' dir='ltr'><em>LIBRO</em></span> <span class='ocrx_word' id='word_1_5' title='bbox 1458 236 1803 274; x_wconf 82' lang='lat' dir='ltr'><em>VERJTATUM.</em></span> 
     </span>
    </p>
   </div>
   <div class='ocr_carea' id='block_1_2' title="bbox 504 375 2344 2680">
    <p class='ocr_par' dir='ltr' id='par_1_2' title="bbox 504 375 2306 679">
     <span class='ocr_line' id='line_1_2' title="bbox 504 375 2305 438; baseline -0.004 -13"><span class='ocrx_word' id='word_1_6' title='bbox 504 395 531 425; x_wconf 89' lang='lat' dir='ltr'>a</span> <span class='ocrx_word' id='word_1_7' title='bbox 566 384 666 425; x_wconf 93' lang='lat' dir='ltr'>Deo</span> <span class='ocrx_word' id='word_1_8' title='bbox 699 397 778 438; x_wconf 85' lang='lat' dir='ltr'>per</span> <span class='ocrx_word' id='word_1_9' title='bbox 803 382 1067 425; x_wconf 90' lang='lat' dir='ltr'>inflicciones</span> <span class='ocrx_word' id='word_1_10' title='bbox 1094 396 1236 437; x_wconf 82' lang='lat' dir='ltr'>paenae</span> <span class='ocrx_word' id='word_1_11' title='bbox 1268 381 1342 435; x_wconf 91' lang='lat' dir='ltr'>qui</span> <span class='ocrx_word' id='word_1_12' title='bbox 1372 380 1601 423; x_wconf 85' lang='lat' dir='ltr'>ecclesiam</span> <span class='ocrx_word' id='word_1_13' title='bbox 1631 380 1903 435; x_wconf 83' lang='lat' dir='ltr'>appropriari</span> <span class='ocrx_word' id='word_1_14' title='bbox 1932 375 2047 422; x_wconf 85' lang='lat' dir='ltr'>fecit.</span> <span class='ocrx_word' id='word_1_15' title='bbox 2107 377 2305 421; x_wconf 79' lang='lat' dir='ltr'>Ecclesia</span> 
     </span>
     <span class='ocr_line' id='line_1_3' title="bbox 504 458 2304 518; baseline -0.002 -13"><span class='ocrx_word' id='word_1_16' title='bbox 504 471 602 506; x_wconf 90' lang='lat' dir='ltr'>tum</span> <span class='ocrx_word' id='word_1_17' title='bbox 626 463 888 518; x_wconf 90' lang='lat' dir='ltr'>parochialis</span> <span class='ocrx_word' id='word_1_18' title='bbox 914 464 1029 505; x_wconf 89' lang='lat' dir='ltr'>bene</span> <span class='ocrx_word' id='word_1_19' title='bbox 1053 469 1122 505; x_wconf 87' lang='lat' dir='ltr'>est</span> <span class='ocrx_word' id='word_1_20' title='bbox 1145 462 1427 517; x_wconf 87' lang='lat' dir='ltr'>appropriata</span> <span class='ocrx_word' id='word_1_21' title='bbox 1450 461 1630 515; x_wconf 90' lang='lat' dir='ltr'>quando</span> <span class='ocrx_word' id='word_1_22' title='bbox 1655 468 1723 503; x_wconf 89' lang='lat' dir='ltr'>est</span> <span class='ocrx_word' id='word_1_23' title='bbox 1743 461 1987 516; x_wconf 84' lang='lat' dir='ltr'>collegiata,</span> <span class='ocrx_word' id='word_1_24' title='bbox 2008 460 2080 502; x_wconf 91' lang='lat' dir='ltr'>i.e.</span> <span class='ocrx_word' id='word_1_25' title='bbox 2101 459 2163 502; x_wconf 90' lang='lat' dir='ltr'>ita</span> <span class='ocrx_word' id='word_1_26' title='bbox 2183 458 2304 513; x_wconf 92' lang='lat' dir='ltr'>quod</span> 
     </span>
     <span class='ocr_line' id='line_1_4' title="bbox 505 539 2306 599; baseline -0.004 -13"><span class='ocrx_word' id='word_1_27' title='bbox 505 550 637 587; x_wconf 87' lang='lat' dir='ltr'>certae</span> <span class='ocrx_word' id='word_1_28' title='bbox 668 545 797 586; x_wconf 85' lang='lat' dir='ltr'>bonae</span> <span class='ocrx_word' id='word_1_29' title='bbox 831 559 1030 599; x_wconf 75' lang='lat' dir='ltr'>personae</span> <span class='ocrx_word' id='word_1_30' title='bbox 1064 544 1109 585; x_wconf 91' lang='lat' dir='ltr'>in</span> <span class='ocrx_word' id='word_1_31' title='bbox 1145 558 1197 585; x_wconf 89' lang='lat' dir='ltr'>ea</span> <span class='ocrx_word' id='word_1_32' title='bbox 1233 543 1428 585; x_wconf 81' lang='lat' dir='ltr'>fundatae</span> <span class='ocrx_word' id='word_1_33' title='bbox 1464 548 1676 585; x_wconf 91' lang='lat' dir='ltr'>maneant</span> <span class='ocrx_word' id='word_1_34' title='bbox 1711 548 1757 584; x_wconf 90' lang='lat' dir='ltr'>et</span> <span class='ocrx_word' id='word_1_35' title='bbox 1796 541 2023 596; x_wconf 90' lang='lat' dir='ltr'>perficiant</span> <span class='ocrx_word' id='word_1_36' title='bbox 2063 541 2107 582; x_wconf 88' lang='lat' dir='ltr'>in</span> <span class='ocrx_word' id='word_1_37' title='bbox 2147 539 2306 582; x_wconf 90' lang='lat' dir='ltr'>eadem</span> 
     </span>
     <span class='ocr_line' id='line_1_5' title="bbox 505 625 1069 679; baseline -0.002 -12"><span class='ocrx_word' id='word_1_38' title='bbox 505 625 714 679; x_wconf 91' lang='lat' dir='ltr'>parochia</span> <span class='ocrx_word' id='word_1_39' title='bbox 734 625 797 667; x_wconf 90' lang='lat' dir='ltr'>sic</span> <span class='ocrx_word' id='word_1_40' title='bbox 823 625 1069 679; x_wconf 82' lang='lat' dir='ltr'>collegiata.</span> 
     </span>
    </p>

    <p class='ocr_par' dir='ltr' id='par_1_3' title="bbox 505 699 2310 1399">
     <span class='ocr_line' id='line_1_6' title="bbox 621 699 2306 757; baseline -0.003 -12"><span class='ocrx_word' id='word_1_41' title='bbox 621 711 671 755; x_wconf 86' lang='lat' dir='ltr'>[p.</span> <span class='ocrx_word' id='word_1_42' title='bbox 695 711 764 755; x_wconf 76' lang='lat'>56]</span> <span class='ocrx_word' id='word_1_43' title='bbox 810 703 927 746; x_wconf 87' lang='lat' dir='ltr'>Item</span> <span class='ocrx_word' id='word_1_44' title='bbox 962 710 1117 746; x_wconf 89' lang='lat' dir='ltr'>notum</span> <span class='ocrx_word' id='word_1_45' title='bbox 1149 709 1217 745; x_wconf 90' lang='lat' dir='ltr'>est</span> <span class='ocrx_word' id='word_1_46' title='bbox 1247 717 1326 757; x_wconf 92' lang='lat' dir='ltr'>per</span> <span class='ocrx_word' id='word_1_47' title='bbox 1356 703 1551 744; x_wconf 85' lang='lat' dir='ltr'>cronicas</span> <span class='ocrx_word' id='word_1_48' title='bbox 1581 709 1628 744; x_wconf 91' lang='lat' dir='ltr'>et</span> <span class='ocrx_word' id='word_1_49' title='bbox 1657 716 1726 744; x_wconf 86' lang='lat' dir='ltr'>res</span> <span class='ocrx_word' id='word_1_50' title='bbox 1755 708 1904 757; x_wconf 85' lang='lat' dir='ltr'>gestas</span> <span class='ocrx_word' id='word_1_51' title='bbox 1936 707 1980 743; x_wconf 88' lang='lat' dir='ltr'>et</span> <span class='ocrx_word' id='word_1_52' title='bbox 2011 714 2150 755; x_wconf 90' lang='lat' dir='ltr'>nuper</span> <span class='ocrx_word' id='word_1_53' title='bbox 2177 699 2306 751; x_wconf 90' lang='lat' dir='ltr'>visas,</span> 
     </span>
     <span class='ocr_line' id='line_1_7' title="bbox 505 780 2305 839; baseline -0.003 -13"><span class='ocrx_word' id='word_1_54' title='bbox 505 785 626 839; x_wconf 91' lang='lat' dir='ltr'>quod</span> <span class='ocrx_word' id='word_1_55' title='bbox 657 784 876 839; x_wconf 90' lang='lat' dir='ltr'>superflua</span> <span class='ocrx_word' id='word_1_56' title='bbox 907 784 1273 826; x_wconf 88' lang='lat' dir='ltr'>monasteriorum</span> <span class='ocrx_word' id='word_1_57' title='bbox 1304 789 1349 824; x_wconf 92' lang='lat' dir='ltr'>et</span> <span class='ocrx_word' id='word_1_58' title='bbox 1379 783 1601 825; x_wconf 86' lang='lat' dir='ltr'>redituum</span> <span class='ocrx_word' id='word_1_59' title='bbox 1637 783 1877 824; x_wconf 88' lang='lat' dir='ltr'>eorundem</span> <span class='ocrx_word' id='word_1_60' title='bbox 1912 782 2019 824; x_wconf 90' lang='lat' dir='ltr'>data</span> <span class='ocrx_word' id='word_1_61' title='bbox 2053 781 2227 822; x_wconf 88' lang='lat' dir='ltr'>fuerunt</span> <span class='ocrx_word' id='word_1_62' title='bbox 2261 780 2305 820; x_wconf 93' lang='lat' dir='ltr'>in</span> 
     </span>
     <span class='ocr_line' id='line_1_8' title="bbox 505 860 2307 919; baseline -0.003 -13"><span class='ocrx_word' id='word_1_63' title='bbox 505 871 780 919; x_wconf 90' lang='lat' dir='ltr'>perpetuum,</span> <span class='ocrx_word' id='word_1_64' title='bbox 824 865 1006 906; x_wconf 81' lang='lat' dir='ltr'>licencia</span> <span class='ocrx_word' id='word_1_65' title='bbox 1056 877 1185 919; x_wconf 88' lang='lat' dir='ltr'>papae</span> <span class='ocrx_word' id='word_1_66' title='bbox 1237 863 1416 905; x_wconf 89' lang='lat' dir='ltr'>Martini</span> <span class='ocrx_word' id='word_1_67' title='bbox 1466 862 1507 915; x_wconf 84' lang='lat' dir='ltr'>5i</span> <span class='ocrx_word' id='word_1_68' title='bbox 1556 862 1743 918; x_wconf 88' lang='lat' dir='ltr'>collegio</span> <span class='ocrx_word' id='word_1_69' title='bbox 1792 862 2071 904; x_wconf 88' lang='lat' dir='ltr'>studencium</span> <span class='ocrx_word' id='word_1_70' title='bbox 2120 860 2307 902; x_wconf 88' lang='lat' dir='ltr'>fundato</span> 
     </span>
     <span class='ocr_line' id='line_1_9' title="bbox 507 939 2307 999; baseline -0.003 -13"><span class='ocrx_word' id='word_1_71' title='bbox 507 945 656 999; x_wconf 84' lang='lat' dir='ltr'>Papiae</span> <span class='ocrx_word' id='word_1_72' title='bbox 671 944 698 996; x_wconf 86' lang='lat'>¹,</span> <span class='ocrx_word' id='word_1_73' title='bbox 733 959 834 999; x_wconf 83' lang='lat' dir='ltr'>quae</span> <span class='ocrx_word' id='word_1_74' title='bbox 873 944 979 986; x_wconf 90' lang='lat' dir='ltr'>olim</span> <span class='ocrx_word' id='word_1_75' title='bbox 1018 944 1258 986; x_wconf 89' lang='lat' dir='ltr'>vocabatur</span> <span class='ocrx_word' id='word_1_76' title='bbox 1292 943 1509 992; x_wconf 87' lang='lat' dir='ltr'>Ticinum,</span> <span class='ocrx_word' id='word_1_77' title='bbox 1538 949 1584 985; x_wconf 86' lang='lat' dir='ltr'>et</span> <span class='ocrx_word' id='word_1_78' title='bbox 1619 943 1738 985; x_wconf 89' lang='lat' dir='ltr'>bona</span> <span class='ocrx_word' id='word_1_79' title='bbox 1776 942 1902 997; x_wconf 90' lang='lat' dir='ltr'>plura</span> <span class='ocrx_word' id='word_1_80' title='bbox 1942 939 2307 983; x_wconf 84' lang='lat' dir='ltr'>monasteriorum</span> 
     </span>
     <span class='ocr_line' id='line_1_10' title="bbox 505 1020 2308 1079; baseline -0.003 -12"><span class='ocrx_word' id='word_1_81' title='bbox 505 1032 550 1067; x_wconf 91' lang='lat' dir='ltr'>et</span> <span class='ocrx_word' id='word_1_82' title='bbox 579 1025 932 1079; x_wconf 90' lang='lat' dir='ltr'>hospitalitatum</span> <span class='ocrx_word' id='word_1_83' title='bbox 963 1031 1009 1067; x_wconf 86' lang='lat' dir='ltr'>et</span> <span class='ocrx_word' id='word_1_84' title='bbox 1035 1024 1298 1078; x_wconf 85' lang='lat' dir='ltr'>capellarum</span> <span class='ocrx_word' id='word_1_85' title='bbox 1331 1037 1432 1078; x_wconf 83' lang='lat' dir='ltr'>quae</span> <span class='ocrx_word' id='word_1_86' title='bbox 1461 1023 1732 1065; x_wconf 89' lang='lat' dir='ltr'>vocabantur</span> <span class='ocrx_word' id='word_1_87' title='bbox 1763 1023 1912 1064; x_wconf 84' lang='lat' dir='ltr'>liberae</span> <span class='ocrx_word' id='word_1_88' title='bbox 1944 1020 2138 1075; x_wconf 70' lang='lat' dir='ltr'>capellae,</span> <span class='ocrx_word' id='word_1_89' title='bbox 2169 1026 2215 1062; x_wconf 91' lang='lat' dir='ltr'>et</span> <span class='ocrx_word' id='word_1_90' title='bbox 2244 1020 2308 1062; x_wconf 84' lang='lat' dir='ltr'>sic</span> 
     </span>
     <span class='ocr_line' id='line_1_11' title="bbox 505 1099 2308 1159; baseline -0.003 -12"><span class='ocrx_word' id='word_1_91' title='bbox 505 1107 636 1147; x_wconf 91' lang='lat' dir='ltr'>credo</span> <span class='ocrx_word' id='word_1_92' title='bbox 669 1105 862 1156; x_wconf 87' lang='lat' dir='ltr'>firmiter,</span> <span class='ocrx_word' id='word_1_93' title='bbox 895 1105 1016 1159; x_wconf 90' lang='lat' dir='ltr'>quod</span> <span class='ocrx_word' id='word_1_94' title='bbox 1051 1109 1253 1146; x_wconf 89' lang='lat' dir='ltr'>sanctum</span> <span class='ocrx_word' id='word_1_95' title='bbox 1294 1118 1405 1158; x_wconf 90' lang='lat' dir='ltr'>opus</span> <span class='ocrx_word' id='word_1_96' title='bbox 1444 1109 1561 1145; x_wconf 88' lang='lat' dir='ltr'>esset</span> <span class='ocrx_word' id='word_1_97' title='bbox 1599 1117 1728 1158; x_wconf 85' lang='lat' dir='ltr'>papae</span> <span class='ocrx_word' id='word_1_98' title='bbox 1766 1102 2049 1157; x_wconf 87' lang='lat' dir='ltr'>appropriare</span> <span class='ocrx_word' id='word_1_99' title='bbox 2087 1099 2308 1155; x_wconf 87' lang='lat' dir='ltr'>superflua</span> 
     </span>
     <span class='ocr_line' id='line_1_12' title="bbox 507 1180 2308 1239; baseline -0.003 -12"><span class='ocrx_word' id='word_1_100' title='bbox 507 1186 871 1228; x_wconf 86' lang='lat' dir='ltr'>monasteriorum</span> <span class='ocrx_word' id='word_1_101' title='bbox 918 1191 964 1228; x_wconf 88' lang='lat' dir='ltr'>et</span> <span class='ocrx_word' id='word_1_102' title='bbox 1012 1184 1296 1239; x_wconf 88' lang='lat' dir='ltr'>collegiorum</span> <span class='ocrx_word' id='word_1_103' title='bbox 1345 1197 1605 1239; x_wconf 89' lang='lat' dir='ltr'>magnorum</span> <span class='ocrx_word' id='word_1_104' title='bbox 1637 1189 1696 1225; x_wconf 73' lang='lat' dir='ltr'>&#39;et</span> <span class='ocrx_word' id='word_1_105' title='bbox 1743 1182 2062 1226; x_wconf 88' lang='lat' dir='ltr'>cathedralium</span> <span class='ocrx_word' id='word_1_106' title='bbox 2110 1180 2308 1223; x_wconf 89' lang='lat' dir='ltr'>ecclesiis</span> 
     </span>
     <span class='ocr_line' id='line_1_13' title="bbox 505 1261 2310 1320; baseline -0.003 -12"><span class='ocrx_word' id='word_1_107' title='bbox 505 1265 827 1320; x_wconf 88' lang='lat' dir='ltr'>parochialibus</span> <span class='ocrx_word' id='word_1_108' title='bbox 876 1272 921 1307; x_wconf 89' lang='lat' dir='ltr'>et</span> <span class='ocrx_word' id='word_1_109' title='bbox 970 1279 1121 1307; x_wconf 85' lang='lat' dir='ltr'>earum</span> <span class='ocrx_word' id='word_1_110' title='bbox 1175 1265 1335 1306; x_wconf 88' lang='lat' dir='ltr'>curatis</span> <span class='ocrx_word' id='word_1_111' title='bbox 1385 1264 1662 1314; x_wconf 86' lang='lat' dir='ltr'>immediatis,</span> <span class='ocrx_word' id='word_1_112' title='bbox 1715 1265 1758 1305; x_wconf 91' lang='lat' dir='ltr'>in</span> <span class='ocrx_word' id='word_1_113' title='bbox 1808 1263 1966 1318; x_wconf 91' lang='lat' dir='ltr'>quibus</span> <span class='ocrx_word' id='word_1_114' title='bbox 2016 1276 2075 1303; x_wconf 83' lang='lat' dir='ltr'>ex</span> <span class='ocrx_word' id='word_1_115' title='bbox 2124 1261 2310 1303; x_wconf 87' lang='lat' dir='ltr'>diversis</span> 
     </span>
     <span class='ocr_line' id='line_1_14' title="bbox 507 1346 1375 1399; baseline -0.002 -11"><span class='ocrx_word' id='word_1_116' title='bbox 507 1346 647 1388; x_wconf 90' lang='lat' dir='ltr'>causis</span> <span class='ocrx_word' id='word_1_117' title='bbox 677 1346 879 1388; x_wconf 90' lang='lat' dir='ltr'>homines</span> <span class='ocrx_word' id='word_1_118' title='bbox 909 1352 955 1387; x_wconf 92' lang='lat' dir='ltr'>et</span> <span class='ocrx_word' id='word_1_119' title='bbox 984 1346 1146 1387; x_wconf 86' lang='lat' dir='ltr'>animae</span> <span class='ocrx_word' id='word_1_120' title='bbox 1175 1351 1375 1399; x_wconf 90' lang='lat' dir='ltr'>pereunt.</span> 
     </span>
    </p>

    <p class='ocr_par' dir='ltr' id='par_1_4' title="bbox 506 1420 2344 2680">
     <span class='ocr_line' id='line_1_15' title="bbox 623 1420 2308 1480; baseline -0.002 -16"><span class='ocrx_word' id='word_1_121' title='bbox 623 1432 674 1476; x_wconf 86' lang='lat' dir='ltr'>[p.</span> <span class='ocrx_word' id='word_1_122' title='bbox 696 1433 765 1478; x_wconf 73' lang='lat'>59]</span> <span class='ocrx_word' id='word_1_123' title='bbox 799 1426 1089 1480; x_wconf 90' lang='lat' dir='ltr'>Comparacio</span> <span class='ocrx_word' id='word_1_124' title='bbox 1120 1439 1208 1466; x_wconf 93' lang='lat' dir='ltr'>non</span> <span class='ocrx_word' id='word_1_125' title='bbox 1240 1431 1356 1467; x_wconf 89' lang='lat' dir='ltr'>esset</span> <span class='ocrx_word' id='word_1_126' title='bbox 1387 1426 1501 1466; x_wconf 89' lang='lat' dir='ltr'>inter</span> <span class='ocrx_word' id='word_1_127' title='bbox 1530 1423 1779 1466; x_wconf 90' lang='lat' dir='ltr'>relevamen</span> <span class='ocrx_word' id='word_1_128' title='bbox 1808 1422 1962 1477; x_wconf 86' lang='lat' dir='ltr'>viginti</span> <span class='ocrx_word' id='word_1_129' title='bbox 1994 1420 2308 1463; x_wconf 89' lang='lat' dir='ltr'>monachorum</span> 
     </span>
     <span class='ocr_line' id='line_1_16' title="bbox 507 1499 2310 1560; baseline -0.004 -12"><span class='ocrx_word' id='word_1_130' title='bbox 507 1520 587 1560; x_wconf 92' lang='lat' dir='ltr'>per</span> <span class='ocrx_word' id='word_1_131' title='bbox 617 1507 844 1548; x_wconf 86' lang='lat' dir='ltr'>ecclesiam</span> <span class='ocrx_word' id='word_1_132' title='bbox 876 1507 938 1548; x_wconf 89' lang='lat' dir='ltr'>eis</span> <span class='ocrx_word' id='word_1_133' title='bbox 972 1506 1315 1560; x_wconf 88' lang='lat' dir='ltr'>appropriatam,</span> <span class='ocrx_word' id='word_1_134' title='bbox 1348 1512 1392 1547; x_wconf 88' lang='lat' dir='ltr'>et</span> <span class='ocrx_word' id='word_1_135' title='bbox 1428 1506 1541 1547; x_wconf 90' lang='lat' dir='ltr'>inter</span> <span class='ocrx_word' id='word_1_136' title='bbox 1575 1510 1800 1553; x_wconf 90' lang='lat' dir='ltr'>rectorem,</span> <span class='ocrx_word' id='word_1_137' title='bbox 1833 1503 1908 1557; x_wconf 89' lang='lat' dir='ltr'>qui</span> <span class='ocrx_word' id='word_1_138' title='bbox 1944 1514 2168 1555; x_wconf 90' lang='lat' dir='ltr'>nunquam</span> <span class='ocrx_word' id='word_1_139' title='bbox 2203 1499 2310 1542; x_wconf 88' lang='lat' dir='ltr'>facit</span> 
     </span>
     <span class='ocr_line' id='line_1_17' title="bbox 506 1582 2310 1641; baseline -0.004 -13"><span class='ocrx_word' id='word_1_140' title='bbox 506 1587 672 1628; x_wconf 92' lang='lat' dir='ltr'>bonum</span> <span class='ocrx_word' id='word_1_141' title='bbox 709 1587 753 1628; x_wconf 91' lang='lat' dir='ltr'>in</span> <span class='ocrx_word' id='word_1_142' title='bbox 789 1586 997 1641; x_wconf 87' lang='lat' dir='ltr'>parochia</span> <span class='ocrx_word' id='word_1_143' title='bbox 1032 1601 1140 1637; x_wconf 82' lang='lat' dir='ltr'>sua3</span> <span class='ocrx_word' id='word_1_144' title='bbox 1183 1586 1263 1627; x_wconf 87' lang='lat' dir='ltr'>sed</span> <span class='ocrx_word' id='word_1_145' title='bbox 1298 1585 1576 1639; x_wconf 88' lang='lat' dir='ltr'>comparacio</span> <span class='ocrx_word' id='word_1_146' title='bbox 1608 1590 1724 1626; x_wconf 90' lang='lat' dir='ltr'>esset</span> <span class='ocrx_word' id='word_1_147' title='bbox 1755 1584 1868 1624; x_wconf 88' lang='lat' dir='ltr'>inter</span> <span class='ocrx_word' id='word_1_148' title='bbox 1897 1582 2016 1624; x_wconf 88' lang='lat' dir='ltr'>bona</span> <span class='ocrx_word' id='word_1_149' title='bbox 2044 1594 2178 1635; x_wconf 87' lang='lat' dir='ltr'>opera</span> <span class='ocrx_word' id='word_1_150' title='bbox 2207 1594 2310 1634; x_wconf 81' lang='lat' dir='ltr'>quae</span> 
     </span>
     <span class='ocr_line' id='line_1_18' title="bbox 508 1660 2310 1720; baseline -0.003 -13"><span class='ocrx_word' id='word_1_151' title='bbox 508 1666 571 1707; x_wconf 91' lang='lat' dir='ltr'>illi</span> <span class='ocrx_word' id='word_1_152' title='bbox 600 1666 756 1720; x_wconf 88' lang='lat' dir='ltr'>viginti</span> <span class='ocrx_word' id='word_1_153' title='bbox 788 1666 990 1708; x_wconf 90' lang='lat' dir='ltr'>monachi</span> <span class='ocrx_word' id='word_1_154' title='bbox 1025 1666 1191 1708; x_wconf 90' lang='lat' dir='ltr'>faciunt</span> <span class='ocrx_word' id='word_1_155' title='bbox 1221 1679 1300 1720; x_wconf 91' lang='lat' dir='ltr'>per</span> <span class='ocrx_word' id='word_1_156' title='bbox 1328 1665 1449 1706; x_wconf 90' lang='lat' dir='ltr'>illam</span> <span class='ocrx_word' id='word_1_157' title='bbox 1483 1663 1714 1707; x_wconf 87' lang='lat' dir='ltr'>ecclesiam</span> <span class='ocrx_word' id='word_1_158' title='bbox 1748 1662 2087 1717; x_wconf 85' lang='lat' dir='ltr'>appropriatam,</span> <span class='ocrx_word' id='word_1_159' title='bbox 2115 1666 2160 1702; x_wconf 91' lang='lat' dir='ltr'>et</span> <span class='ocrx_word' id='word_1_160' title='bbox 2195 1660 2310 1702; x_wconf 87' lang='lat' dir='ltr'>inter</span> 
     </span>
     <span class='ocr_line' id='line_1_19' title="bbox 507 1739 2308 1800; baseline -0.004 -13"><span class='ocrx_word' id='word_1_161' title='bbox 507 1747 658 1787; x_wconf 89' lang='lat' dir='ltr'>omnia</span> <span class='ocrx_word' id='word_1_162' title='bbox 691 1747 810 1789; x_wconf 91' lang='lat' dir='ltr'>bona</span> <span class='ocrx_word' id='word_1_163' title='bbox 848 1760 983 1800; x_wconf 89' lang='lat' dir='ltr'>opera</span> <span class='ocrx_word' id='word_1_164' title='bbox 1021 1760 1122 1800; x_wconf 84' lang='lat' dir='ltr'>quae</span> <span class='ocrx_word' id='word_1_165' title='bbox 1164 1746 1307 1786; x_wconf 91' lang='lat' dir='ltr'>bonus</span> <span class='ocrx_word' id='word_1_166' title='bbox 1348 1751 1490 1787; x_wconf 89' lang='lat' dir='ltr'>rector</span> <span class='ocrx_word' id='word_1_167' title='bbox 1528 1750 1630 1799; x_wconf 93' lang='lat' dir='ltr'>post</span> <span class='ocrx_word' id='word_1_168' title='bbox 1669 1749 1859 1785; x_wconf 90' lang='lat' dir='ltr'>mortem</span> <span class='ocrx_word' id='word_1_169' title='bbox 1899 1741 2003 1783; x_wconf 89' lang='lat' dir='ltr'>mali</span> <span class='ocrx_word' id='word_1_170' title='bbox 2044 1741 2223 1782; x_wconf 90' lang='lat' dir='ltr'>rectoris</span> <span class='ocrx_word' id='word_1_171' title='bbox 2262 1739 2308 1781; x_wconf 92' lang='lat' dir='ltr'>in</span> 
     </span>
     <span class='ocr_line' id='line_1_20' title="bbox 508 1819 2309 1880; baseline -0.004 -12"><span class='ocrx_word' id='word_1_172' title='bbox 508 1826 583 1867; x_wconf 87' lang='lat' dir='ltr'>illa</span> <span class='ocrx_word' id='word_1_173' title='bbox 622 1826 829 1880; x_wconf 90' lang='lat' dir='ltr'>parochia</span> <span class='ocrx_word' id='word_1_174' title='bbox 862 1826 1035 1877; x_wconf 86' lang='lat' dir='ltr'>faceret,</span> <span class='ocrx_word' id='word_1_175' title='bbox 1069 1832 1115 1867; x_wconf 93' lang='lat' dir='ltr'>et</span> <span class='ocrx_word' id='word_1_176' title='bbox 1149 1826 1299 1866; x_wconf 89' lang='lat' dir='ltr'>omnia</span> <span class='ocrx_word' id='word_1_177' title='bbox 1333 1838 1469 1879; x_wconf 91' lang='lat' dir='ltr'>opera</span> <span class='ocrx_word' id='word_1_178' title='bbox 1504 1838 1605 1879; x_wconf 85' lang='lat' dir='ltr'>quae</span> <span class='ocrx_word' id='word_1_179' title='bbox 1639 1823 1915 1878; x_wconf 89' lang='lat' dir='ltr'>pervenirent</span> <span class='ocrx_word' id='word_1_180' title='bbox 1947 1821 1992 1862; x_wconf 90' lang='lat' dir='ltr'>in</span> <span class='ocrx_word' id='word_1_181' title='bbox 2033 1819 2309 1874; x_wconf 89' lang='lat' dir='ltr'>parochianis</span> 
     </span>
     <span class='ocr_line' id='line_1_21' title="bbox 509 1899 2344 1961; baseline -0.004 -14"><span class='ocrx_word' id='word_1_182' title='bbox 509 1920 588 1961; x_wconf 89' lang='lat' dir='ltr'>per</span> <span class='ocrx_word' id='word_1_183' title='bbox 618 1905 712 1960; x_wconf 89' lang='lat' dir='ltr'>ejus</span> <span class='ocrx_word' id='word_1_184' title='bbox 744 1911 942 1947; x_wconf 89' lang='lat' dir='ltr'>sanctam</span> <span class='ocrx_word' id='word_1_185' title='bbox 972 1906 1111 1947; x_wconf 90' lang='lat' dir='ltr'>vitam</span> <span class='ocrx_word' id='word_1_186' title='bbox 1144 1911 1188 1946; x_wconf 88' lang='lat' dir='ltr'>et</span> <span class='ocrx_word' id='word_1_187' title='bbox 1221 1904 1489 1959; x_wconf 88' lang='lat' dir='ltr'>exemplum,</span> <span class='ocrx_word' id='word_1_188' title='bbox 1525 1911 1570 1946; x_wconf 88' lang='lat' dir='ltr'>et</span> <span class='ocrx_word' id='word_1_189' title='bbox 1599 1916 1680 1958; x_wconf 91' lang='lat' dir='ltr'>per</span> <span class='ocrx_word' id='word_1_190' title='bbox 1711 1902 1807 1957; x_wconf 90' lang='lat' dir='ltr'>ejus</span> <span class='ocrx_word' id='word_1_191' title='bbox 1837 1901 2084 1944; x_wconf 88' lang='lat' dir='ltr'>doctrinam</span> <span class='ocrx_word' id='word_1_192' title='bbox 2113 1906 2158 1942; x_wconf 91' lang='lat' dir='ltr'>et</span> <span class='ocrx_word' id='word_1_193' title='bbox 2193 1899 2310 1941; x_wconf 88' lang='lat' dir='ltr'>elee-</span> <span class='ocrx_word' id='word_1_194' title='bbox 2341 1956 2344 1959; x_wconf 24' lang='grc' dir='ltr'>Ι</span> 
     </span>
     <span class='ocr_line' id='line_1_22' title="bbox 510 1979 2308 2039; baseline -0.004 -11"><span class='ocrx_word' id='word_1_195' title='bbox 510 1986 727 2028; x_wconf 88' lang='lat' dir='ltr'>mosinam</span> <span class='ocrx_word' id='word_1_196' title='bbox 758 1992 804 2027; x_wconf 91' lang='lat' dir='ltr'>et</span> <span class='ocrx_word' id='word_1_197' title='bbox 837 1985 1197 2039; x_wconf 89' lang='lat' dir='ltr'>hospitalitatem,</span> <span class='ocrx_word' id='word_1_198' title='bbox 1232 1992 1277 2027; x_wconf 92' lang='lat' dir='ltr'>et</span> <span class='ocrx_word' id='word_1_199' title='bbox 1311 1998 1391 2039; x_wconf 89' lang='lat' dir='ltr'>per</span> <span class='ocrx_word' id='word_1_200' title='bbox 1422 1983 1747 2026; x_wconf 89' lang='lat' dir='ltr'>exhibicionem</span> <span class='ocrx_word' id='word_1_201' title='bbox 1776 1982 1986 2036; x_wconf 88' lang='lat' dir='ltr'>juvenum</span> <span class='ocrx_word' id='word_1_202' title='bbox 2017 1981 2076 2022; x_wconf 90' lang='lat' dir='ltr'>ad</span> <span class='ocrx_word' id='word_1_203' title='bbox 2111 1979 2308 2022; x_wconf 88' lang='lat' dir='ltr'>studium</span> 
     </span>
     <span class='ocr_line' id='line_1_23' title="bbox 510 2059 2308 2120; baseline -0.004 -12"><span class='ocrx_word' id='word_1_204' title='bbox 510 2067 555 2108; x_wconf 91' lang='lat' dir='ltr'>in</span> <span class='ocrx_word' id='word_1_205' title='bbox 594 2065 804 2118; x_wconf 88' lang='lat' dir='ltr'>scienciis,</span> <span class='ocrx_word' id='word_1_206' title='bbox 836 2071 881 2107; x_wconf 89' lang='lat' dir='ltr'>et</span> <span class='ocrx_word' id='word_1_207' title='bbox 916 2079 995 2120; x_wconf 91' lang='lat' dir='ltr'>per</span> <span class='ocrx_word' id='word_1_208' title='bbox 1030 2066 1238 2107; x_wconf 90' lang='lat' dir='ltr'>devotam</span> <span class='ocrx_word' id='word_1_209' title='bbox 1274 2065 1525 2107; x_wconf 90' lang='lat' dir='ltr'>oracionem</span> <span class='ocrx_word' id='word_1_210' title='bbox 1557 2063 1694 2105; x_wconf 90' lang='lat' dir='ltr'>curati</span> <span class='ocrx_word' id='word_1_211' title='bbox 1724 2067 1770 2103; x_wconf 90' lang='lat' dir='ltr'>et</span> <span class='ocrx_word' id='word_1_212' title='bbox 1800 2074 1979 2103; x_wconf 90' lang='lat' dir='ltr'>suorum</span> <span class='ocrx_word' id='word_1_213' title='bbox 2011 2059 2308 2101; x_wconf 89' lang='lat' dir='ltr'>ministrorum</span> 
     </span>
     <span class='ocr_line' id='line_1_24' title="bbox 510 2139 2310 2200; baseline -0.004 -12"><span class='ocrx_word' id='word_1_214' title='bbox 510 2147 675 2189; x_wconf 85' lang='lat' dir='ltr'>factam</span> <span class='ocrx_word' id='word_1_215' title='bbox 710 2159 791 2200; x_wconf 92' lang='lat' dir='ltr'>pro</span> <span class='ocrx_word' id='word_1_216' title='bbox 825 2145 1100 2199; x_wconf 87' lang='lat' dir='ltr'>parochianis</span> <span class='ocrx_word' id='word_1_217' title='bbox 1130 2152 1177 2187; x_wconf 91' lang='lat' dir='ltr'>et</span> <span class='ocrx_word' id='word_1_218' title='bbox 1212 2158 1359 2186; x_wconf 89' lang='lat' dir='ltr'>coram</span> <span class='ocrx_word' id='word_1_219' title='bbox 1392 2142 1678 2199; x_wconf 88' lang='lat' dir='ltr'>parochianis,</span> <span class='ocrx_word' id='word_1_220' title='bbox 1710 2147 1760 2183; x_wconf 92' lang='lat' dir='ltr'>ut</span> <span class='ocrx_word' id='word_1_221' title='bbox 1794 2154 1945 2183; x_wconf 85' lang='lat' dir='ltr'>eorum</span> <span class='ocrx_word' id='word_1_222' title='bbox 1980 2139 2189 2194; x_wconf 87' lang='lat' dir='ltr'>exemplo</span> <span class='ocrx_word' id='word_1_223' title='bbox 2230 2153 2310 2180; x_wconf 89' lang='lat' dir='ltr'>ex-</span> 
     </span>
     <span class='ocr_line' id='line_1_25' title="bbox 509 2219 2310 2275; baseline -0.004 -7"><span class='ocrx_word' id='word_1_224' title='bbox 509 2226 699 2269; x_wconf 88' lang='lat' dir='ltr'>citentur</span> <span class='ocrx_word' id='word_1_225' title='bbox 729 2227 787 2268; x_wconf 89' lang='lat' dir='ltr'>ad</span> <span class='ocrx_word' id='word_1_226' title='bbox 822 2225 1107 2267; x_wconf 88' lang='lat' dir='ltr'>consimiliter</span> <span class='ocrx_word' id='word_1_227' title='bbox 1136 2225 1382 2275; x_wconf 84' lang='lat' dir='ltr'>orandum3</span> <span class='ocrx_word' id='word_1_228' title='bbox 1424 2224 1537 2265; x_wconf 91' lang='lat' dir='ltr'>inter</span> <span class='ocrx_word' id='word_1_229' title='bbox 1568 2222 1666 2264; x_wconf 87' lang='lat' dir='ltr'>haec</span> <span class='ocrx_word' id='word_1_230' title='bbox 1699 2222 1819 2263; x_wconf 89' lang='lat' dir='ltr'>bona</span> <span class='ocrx_word' id='word_1_231' title='bbox 1849 2220 2001 2262; x_wconf 91' lang='lat' dir='ltr'>debita</span> <span class='ocrx_word' id='word_1_232' title='bbox 2035 2219 2150 2262; x_wconf 87' lang='lat' dir='ltr'>inter</span> <span class='ocrx_word' id='word_1_233' title='bbox 2181 2232 2310 2274; x_wconf 91' lang='lat' dir='ltr'>paro-</span> 
     </span>
     <span class='ocr_line' id='line_1_26' title="bbox 510 2298 2310 2358; baseline -0.004 -10"><span class='ocrx_word' id='word_1_234' title='bbox 510 2306 690 2348; x_wconf 90' lang='lat' dir='ltr'>chianos</span> <span class='ocrx_word' id='word_1_235' title='bbox 740 2311 785 2348; x_wconf 92' lang='lat' dir='ltr'>et</span> <span class='ocrx_word' id='word_1_236' title='bbox 834 2306 949 2347; x_wconf 89' lang='lat' dir='ltr'>inter</span> <span class='ocrx_word' id='word_1_237' title='bbox 994 2305 1114 2346; x_wconf 92' lang='lat' dir='ltr'>bona</span> <span class='ocrx_word' id='word_1_238' title='bbox 1169 2318 1305 2358; x_wconf 90' lang='lat' dir='ltr'>opera</span> <span class='ocrx_word' id='word_1_239' title='bbox 1354 2317 1453 2357; x_wconf 85' lang='lat' dir='ltr'>quae</span> <span class='ocrx_word' id='word_1_240' title='bbox 1502 2302 1565 2343; x_wconf 92' lang='lat' dir='ltr'>illi</span> <span class='ocrx_word' id='word_1_241' title='bbox 1618 2300 1951 2355; x_wconf 89' lang='lat' dir='ltr'>approprietarii</span> <span class='ocrx_word' id='word_1_242' title='bbox 1999 2299 2195 2342; x_wconf 88' lang='lat' dir='ltr'>ecclesiae</span> <span class='ocrx_word' id='word_1_243' title='bbox 2244 2298 2310 2340; x_wconf 90' lang='lat' dir='ltr'>eis</span> 
     </span>
     <span class='ocr_line' id='line_1_27' title="bbox 509 2378 2307 2441; baseline -0.005 -13"><span class='ocrx_word' id='word_1_244' title='bbox 509 2386 807 2441; x_wconf 80' lang='lat' dir='ltr'>appropriatae</span> <span class='ocrx_word' id='word_1_245' title='bbox 857 2385 1021 2427; x_wconf 88' lang='lat' dir='ltr'>faciunt</span> <span class='ocrx_word' id='word_1_246' title='bbox 1075 2398 1154 2438; x_wconf 92' lang='lat' dir='ltr'>per</span> <span class='ocrx_word' id='word_1_247' title='bbox 1201 2385 1321 2426; x_wconf 89' lang='lat' dir='ltr'>bona</span> <span class='ocrx_word' id='word_1_248' title='bbox 1369 2383 1483 2424; x_wconf 89' lang='lat' dir='ltr'>illius</span> <span class='ocrx_word' id='word_1_249' title='bbox 1533 2381 1727 2423; x_wconf 88' lang='lat' dir='ltr'>ecclesiae</span> <span class='ocrx_word' id='word_1_250' title='bbox 1780 2380 2076 2434; x_wconf 84' lang='lat' dir='ltr'>appropriatae</span> <span class='ocrx_word' id='word_1_251' title='bbox 2125 2378 2307 2420; x_wconf 90' lang='lat' dir='ltr'>eisdem.</span> 
     </span>
     <span class='ocr_line' id='line_1_28' title="bbox 509 2457 2310 2518; baseline -0.005 -10"><span class='ocrx_word' id='word_1_252' title='bbox 509 2466 698 2508; x_wconf 89' lang='lat' dir='ltr'>Videtur</span> <span class='ocrx_word' id='word_1_253' title='bbox 736 2471 885 2507; x_wconf 89' lang='lat' dir='ltr'>autem</span> <span class='ocrx_word' id='word_1_254' title='bbox 922 2464 1014 2518; x_wconf 91' lang='lat' dir='ltr'>jam</span> <span class='ocrx_word' id='word_1_255' title='bbox 1061 2464 1290 2505; x_wconf 86' lang='lat' dir='ltr'>manifeste</span> <span class='ocrx_word' id='word_1_256' title='bbox 1337 2476 1436 2517; x_wconf 84' lang='lat' dir='ltr'>quae</span> <span class='ocrx_word' id='word_1_257' title='bbox 1476 2461 1645 2503; x_wconf 85' lang='lat' dir='ltr'>deliciae</span> <span class='ocrx_word' id='word_1_258' title='bbox 1685 2466 1730 2502; x_wconf 92' lang='lat' dir='ltr'>et</span> <span class='ocrx_word' id='word_1_259' title='bbox 1773 2459 1962 2501; x_wconf 90' lang='lat' dir='ltr'>honores</span> <span class='ocrx_word' id='word_1_260' title='bbox 2003 2459 2156 2500; x_wconf 89' lang='lat' dir='ltr'>mundi</span> <span class='ocrx_word' id='word_1_261' title='bbox 2196 2457 2310 2499; x_wconf 87' lang='lat' dir='ltr'>mul-</span> 
     </span>
     <span class='ocr_line' id='line_1_29' title="bbox 510 2537 2310 2600; baseline -0.004 -13"><span class='ocrx_word' id='word_1_262' title='bbox 510 2546 767 2600; x_wconf 85' lang='lat' dir='ltr'>tiplicantur</span> <span class='ocrx_word' id='word_1_263' title='bbox 808 2558 889 2600; x_wconf 89' lang='lat' dir='ltr'>per</span> <span class='ocrx_word' id='word_1_264' title='bbox 929 2544 1335 2598; x_wconf 89' lang='lat' dir='ltr'>appropriacionem</span> <span class='ocrx_word' id='word_1_265' title='bbox 1381 2541 1674 2591; x_wconf 88' lang='lat' dir='ltr'>ecclesiarum,</span> <span class='ocrx_word' id='word_1_266' title='bbox 1714 2547 1759 2581; x_wconf 88' lang='lat' dir='ltr'>et</span> <span class='ocrx_word' id='word_1_267' title='bbox 1806 2554 1906 2594; x_wconf 83' lang='lat' dir='ltr'>quae</span> <span class='ocrx_word' id='word_1_268' title='bbox 1952 2553 2031 2594; x_wconf 91' lang='lat' dir='ltr'>per</span> <span class='ocrx_word' id='word_1_269' title='bbox 2072 2552 2160 2580; x_wconf 91' lang='lat' dir='ltr'>non</span> <span class='ocrx_word' id='word_1_270' title='bbox 2204 2537 2310 2579; x_wconf 88' lang='lat' dir='ltr'>resi-</span> 
     </span>
     <span class='ocr_line' id='line_1_30' title="bbox 510 2617 2310 2680; baseline -0.004 -14"><span class='ocrx_word' id='word_1_271' title='bbox 510 2625 711 2667; x_wconf 90' lang='lat' dir='ltr'>denciam</span> <span class='ocrx_word' id='word_1_272' title='bbox 754 2626 1056 2680; x_wconf 90' lang='lat' dir='ltr'>episcoporum</span> <span class='ocrx_word' id='word_1_273' title='bbox 1097 2629 1142 2664; x_wconf 93' lang='lat' dir='ltr'>et</span> <span class='ocrx_word' id='word_1_274' title='bbox 1182 2629 1444 2673; x_wconf 91' lang='lat' dir='ltr'>curatorum,</span> <span class='ocrx_word' id='word_1_275' title='bbox 1479 2626 1525 2662; x_wconf 93' lang='lat' dir='ltr'>et</span> <span class='ocrx_word' id='word_1_276' title='bbox 1565 2634 1644 2674; x_wconf 90' lang='lat' dir='ltr'>per</span> <span class='ocrx_word' id='word_1_277' title='bbox 1683 2619 1903 2661; x_wconf 91' lang='lat' dir='ltr'>defectum</span> <span class='ocrx_word' id='word_1_278' title='bbox 1943 2619 2046 2660; x_wconf 91' lang='lat' dir='ltr'>boni</span> <span class='ocrx_word' id='word_1_279' title='bbox 2088 2617 2310 2672; x_wconf 86' lang='lat' dir='ltr'>regiminis</span> 
     </span>
    </p>
   </div>
   <div class='ocr_carea' id='block_1_3' title="bbox 513 2738 2339 2835">
    <p class='ocr_par' dir='ltr' id='par_1_5' title="bbox 513 2738 2339 2835">
     <span class='ocr_line' id='line_1_31' title="bbox 555 2738 2313 2790; baseline -0.006 -9"><span class='ocrx_word' id='word_1_280' title='bbox 555 2748 566 2767; x_wconf 92' lang='lat'>¹</span> <span class='ocrx_word' id='word_1_281' title='bbox 588 2749 744 2790; x_wconf 75' lang='lat' dir='ltr'>(Papiae),</span> <span class='ocrx_word' id='word_1_282' title='bbox 762 2749 820 2783; x_wconf 89' lang='lat' dir='ltr'>i.e.</span> <span class='ocrx_word' id='word_1_283' title='bbox 838 2748 949 2781; x_wconf 86' lang='lat' dir='ltr'>Pavia.</span> <span class='ocrx_word' id='word_1_284' title='bbox 995 2747 1012 2779; x_wconf 97' lang='lat' dir='ltr'>I</span> <span class='ocrx_word' id='word_1_285' title='bbox 1035 2746 1080 2779; x_wconf 91' lang='lat' dir='ltr'>do</span> <span class='ocrx_word' id='word_1_286' title='bbox 1103 2750 1162 2778; x_wconf 89' lang='lat' dir='ltr'>not</span> <span class='ocrx_word' id='word_1_287' title='bbox 1187 2745 1253 2777; x_wconf 83' lang='lat' dir='ltr'>find</span> <span class='ocrx_word' id='word_1_288' title='bbox 1277 2745 1332 2778; x_wconf 85' lang='lat' dir='ltr'>the</span> <span class='ocrx_word' id='word_1_289' title='bbox 1356 2745 1421 2777; x_wconf 82' lang='lat' dir='ltr'>fact</span> <span class='ocrx_word' id='word_1_290' title='bbox 1446 2743 1583 2777; x_wconf 78' lang='lat' dir='ltr'>referred</span> <span class='ocrx_word' id='word_1_291' title='bbox 1608 2749 1643 2776; x_wconf 89' lang='lat' dir='ltr'>to</span> <span class='ocrx_word' id='word_1_292' title='bbox 1667 2744 1711 2784; x_wconf 92' lang='lat' dir='ltr'>by</span> <span class='ocrx_word' id='word_1_293' title='bbox 1727 2742 1915 2784; x_wconf 83' lang='lat' dir='ltr'>Gaseoigne</span> <span class='ocrx_word' id='word_1_294' title='bbox 1937 2752 2061 2783; x_wconf 84' lang='lat' dir='ltr'>among</span> <span class='ocrx_word' id='word_1_295' title='bbox 2082 2741 2138 2773; x_wconf 88' lang='lat' dir='ltr'>the</span> <span class='ocrx_word' id='word_1_296' title='bbox 2161 2738 2254 2771; x_wconf 84' lang='lat' dir='ltr'>Buus</span> <span class='ocrx_word' id='word_1_297' title='bbox 2274 2738 2313 2770; x_wconf 83' lang='lat' dir='ltr'>os</span> 
     </span>
     <span class='ocr_line' id='line_1_32' title="bbox 513 2801 2339 2835; baseline -0.005 -2"><span class='ocrx_word' id='word_1_298' title='bbox 513 2801 634 2834; x_wconf 86' lang='lat' dir='ltr'>Martin</span> <span class='ocrx_word' id='word_1_299' title='bbox 651 2801 692 2835; x_wconf 91' lang='lat' dir='ltr'>V.</span> <span class='ocrx_word' id='word_1_300' title='bbox 2336 2802 2339 2804; x_wconf 86' lang='grc'><em>·</em></span> 
     </span>
    </p>
   </div>
  </div>
 </body>
</html>
