2456 3210
584 247 716 283 LOCI
748 247 788 281 E
825 245 992 281 LIBRO
1039 245 1383 280 VERITATUM.
1808 246 1887 290 123

206 397 254 440 [p.
274 396 366 441 599.]
421 390 547 432 Heu!
578 390 681 443 quia
710 389 822 431 circa
851 402 1017 431 annum
1043 388 1226 430 Domini
1253 399 1373 441 1449,
1394 401 1507 428 unus
1536 386 1890 440 archiepiscopus

92 484 172 526 per
195 484 299 512 suos
325 470 555 512 officiarios
581 469 810 511 mandavit
838 483 918 523 per
942 483 1068 510 suam
1095 469 1304 510 diocesim
1333 469 1377 510 in
1398 467 1576 521 Anglia,
1598 466 1717 521 quod
1746 466 1891 507 nullus

92 550 341 599 absolveret
368 550 560 604 aliquem
580 563 608 591 a
631 549 823 604 peccatis
847 549 1067 600 confessis,
1091 549 1172 590 nisi
1199 549 1319 603 prius
1347 548 1551 589 sacerdos
1578 547 1618 588 ei
1646 546 1892 601 injungeret

94 631 262 672 solvere
297 630 506 684 pecunias
535 629 729 672 ecelesiae
764 629 878 671 illius
909 630 1102 683 episcopi
1130 629 1201 677 vel
1236 628 1298 671 ini
1331 629 1550 682 episcop0‚
1579 628 1643 669 ita
1678 627 1799 681 quod
1835 627 1892 668 de

94 710 170 752 illa
197 711 382 764 pecunia
411 710 611 752 redderet
639 709 825 763 quilibet
852 716 1027 751 curatus
1055 723 1147 751 suae
1174 710 1360 752 diocesis
1386 714 1642 763 compotum
1663 707 1708 749 in
1735 707 1893 749 sinodo

95 790 234 832 semel
264 790 462 844 quolibet
490 804 606 832 anno
635 795 739 844 post
770 789 951 832 Pascha.

212 877 266 920 [p.
285 876 378 918 600]
438 870 735 914 Consimiliter
761 869 855 923 jam
888 884 977 911 non
1014 877 1166 912 curant
1195 869 1399 912 homines
1434 884 1628 924 peccare,
1664 870 1768 923 quia
1803 882 1895 910 cre-

97 951 210 992 dunt
257 965 306 992 se
350 964 439 992 non
482 965 612 1005 posse
658 964 736 992 nec
783 950 875 992 sore
921 951 1229 1004 dampnandos
1275 957 1455 1005 propter
1500 950 1826 1004 indulgenciam
1868 961 1897 989 a

99 1031 247 1072 Roma
279 1044 542 1082 concessam,
576 1044 676 1085 quae
708 1031 801 1084 jam
836 1032 898 1072 sic
937 1031 1203 1080 conceditur,
1233 1036 1284 1072 ut
1319 1045 1407 1072 non
1441 1031 1689 1085 puplicetur
1722 1031 1767 1070 in
1798 1029 1897 1070 An-

96 1110 187 1164 glia
215 1124 443 1165 quousque
471 1124 612 1153 annus
642 1111 1042 1164 quinquagesimus,
1065 1111 1140 1164 qui
1166 1125 1194 1152 a
1218 1111 1384 1165 populo
1413 1091 1595 1153 voca—tur
1617 1110 1819 1164 jubileus,
1840 1111 1898 1152 sit

98 1195 354 1242 transactus,
374 1204 431 1232 ne
458 1190 571 1233 forte
590 1205 670 1245 per
693 1191 790 1232 illas
817 1190 1118 1244 indulgencias
1147 1192 1191 1232 in
1211 1190 1380 1245 Anglia
1410 1205 1640 1233 concessas
1671 1191 1898 1246 pauciores

99 1269 189 1310 sint
216 1269 450 1312 offerentes
478 1277 524 1313 et
554 1271 786 1326 pecuniam
818 1271 1094 1313 effundentes
1125 1271 1295 1314 Romae.

215 1355 261 1399 [p.
293 1355 389 1399 603]
454 1349 751 1393 Consimiliter
785 1350 880 1404 jam
912 1351 1109 1392 moderni
1149 1358 1401 1405 peccatores
1442 1352 1605 1403 dicunt,
1639 1351 1767 1393 ‘Non
1794 1365 1898 1393 curo

101 1443 201 1484 quae
230 1435 276 1471 et
307 1437 415 1484 quot
441 1430 559 1472 mala
589 1431 733 1473 fecero
766 1445 916 1473 coram
946 1431 1057 1482 Deo,
1078 1433 1182 1485 quia
1211 1431 1417 1473 facillime
1448 1438 1494 1473 et
1517 1431 1726 1473 citissime
1754 1431 1898 1474 habeo

102 1509 401 1552 remissionem
436 1510 679 1564 plenariam
714 1511 1010 1565 cujuscunque
1042 1511 1183 1565 culpae
1213 1519 1258 1554 et
1287 1525 1434 1565 poenae
1465 1525 1543 1565 per
1572 1511 1899 1554 absolucionem

102 1594 149 1630 et
177 1589 502 1644 indulgenciam
530 1605 786 1633 concessam
818 1591 949 1633 michi
979 1605 1006 1632 a
1036 1605 1164 1645 papa,
1193 1590 1316 1644 cujus
1346 1592 1605 1646 scripturam
1641 1597 1687 1633 et
1722 1605 1900 1634 conces-

102 1669 270 1711 sionem
303 1671 390 1711 emi
428 1684 510 1725 pro
549 1683 580 1722 4
612 1671 812 1722 denariis,
847 1671 916 1712 vel
956 1685 1036 1724 pro
1075 1685 1157 1713 sex
1197 1672 1396 1722 denariis,
1430 1671 1500 1713 vel
1539 1685 1619 1726 per
1656 1671 1801 1713 lusum
1841 1673 1900 1713 ad

101 1747 286 1802 pilam;’
328 1750 400 1792 isti
429 1751 547 1792 enim
578 1752 652 1805 qui
685 1752 932 1793 concedunt
959 1751 1107 1793 literas
1141 1752 1515 1806 indulgenciamm
1545 1753 1794 1794 discurrunt
1823 1766 1901 1806 per

104 1828 303 1882 regiones
330 1835 376 1872 et
403 1830 513 1872 dant
540 1830 778 1885 aliquando
809 1831 981 1872 literam
1012 1845 1092 1885 pro
1122 1832 1293 1873 duobus
1320 1832 1522 1883 denariis,
1549 1832 1790 1887 aliquando
1820 1846 1901 1886 pro

107 1907 227 1948 bono
257 1907 417 1951 haustu
451 1911 541 1952 vini
575 1911 645 1952 vel
685 1912 914 1959 serevisiae,
947 1911 1186 1965 aliquando
1218 1926 1298 1966 pro
1333 1912 1430 1954 lusu
1465 1913 1523 1954 ad
1563 1913 1699 1967 pilam
1736 1914 1771 1953 si
1806 1914 1901 1954 vin-

106 1993 271 2039 cantur,
309 1988 546 2042 aliquando
586 2005 666 2044 pro
706 1999 807 2033 actu
849 1992 1104 2042 meretricio,
1143 1992 1381 2046 aliquando
1422 2007 1501 2046 pro
1540 2007 1688 2034 amore
1727 1992 1901 2034 carnali.

108 2066 263 2108 Petrus
291 2069 408 2110 enim
437 2070 494 2112 de
515 2070 672 2112 Monte
696 2072 782 2125 qui,
805 2071 918 2113 circa
947 2085 1110 2112 annum
1133 2071 1314 2114 Domini
1339 2085 1459 2123 1440,
1486 2073 1664 2126 collegit
1694 2073 1901 2125 pecunias

107 2145 316 2200 plurimas
345 2160 424 2200 pro
453 2149 742 2204 indulgenciis
771 2152 985 2192 concessis
1015 2165 1042 2192 a
1071 2165 1189 2205 papa
1219 2152 1433 2206 Eugenio,
1458 2153 1502 2194 in
1533 2166 1704 2194 recessu
1735 2166 1814 2192 suo
1844 2152 1902 2192 ab

107 2224 286 2279 Anglia‚
320 2228 498 2280 quando
534 2230 712 2272 intravit
751 2244 909 2272 navem
939 2231 983 2271 in
1024 2231 1143 2282 mari,
1179 2231 1295 2273 dixit
1332 2233 1502 2274 doctori
1529 2231 1768 2273 Vincencio
1803 2230 1903 2272 Cle-

110 2310 259 2346 ment:
295 2305 407 2348 ‘Per
436 2307 627 2350 Deuml’
667 2310 822 2364 inquit,
859 2314 1003 2365 ‘papa
1033 2310 1260 2365 Eugenius
1292 2322 1518 2366 nunquam
1553 2311 1735 2353 habebit
1767 2325 1902 2352 unum

110 2384 338 2426 denarium
357 2386 416 2428 de
442 2386 529 2429 illis
554 2389 693 2432 saccis
719 2390 913 2445 impletis
937 2392 1133 2445 pecunia,
1154 2392 1237 2433 nisi
1260 2393 1379 2446 prius
1407 2393 1573 2434 miserit
1598 2391 1728 2433 michi
1757 2391 1905 2433 literas

110 2477 212 2506 suas
240 2465 360 2518 quod
394 2466 596 2519 promisit
626 2469 759 2512 michi
792 2470 1216 2525 archiepiscopatum
1250 2469 1681 2515 Mediolanensem¹.’

227 2549 272 2594 [p.
297 2550 392 2594 605]
459 2545 578 2588 Xtus
630 2551 844 2592 concessit
892 2551 1194 2605 indulgencias
1241 2553 1385 2595 beatae
1428 2553 1638 2607 Brigittae‚
1680 2553 1905 2605 quondam

110 2624 256 2666 viduae
287 2625 347 2666 de
381 2638 517 2681 regno
547 2625 737 2682 Swedae,
765 2631 878 2672 tales
909 2631 1061 2685 quales
1092 2639 1196 2674 sunt
1224 2633 1269 2674 in
1301 2633 1486 2676 ecclesia
1518 2633 1670 2675 Sancti
1702 2632 1818 2673 Petri
1847 2633 1905 2674 ad

112 2703 300 2746 Vincula
330 2703 373 2745 in
404 2704 562 2757 Roma,
583 2706 627 2748 in
657 2708 831 2762 signum
861 2711 980 2765 quod
1012 2712 1131 2754 Xtus
1161 2713 1300 2754 voluit
1331 2727 1493 2767 papam
1519 2712 1750 2753 Urbanum
1781 2713 1907 2766 quin-

692 2797 705 2816 ¹
727 2798 784 2832 He
798 2811 866 2832 was
882 2802 978 2834 made
994 2802 1119 2845 Bishop
1135 2803 1174 2835 os
1187 2803 1327 2836 Breseia.

964 2866 997 2898 R
1028 2869 1051 2898 2
