2456 3210
712 330 844 366 LOCI
877 330 917 364 E
954 330 1121 365 LIBRO
1167 327 1513 364 VERJTATGM.
1945 317 2024 372 169

217 488 339 530 papa
378 475 468 517 falli
508 474 716 531 possum.’
792 477 905 518 Haec
952 476 1013 517 ibi
1058 475 1301 518 Nicholaus
1346 488 1463 529 papa
1504 473 1747 514 Romanus.
1825 469 2024 524 Quilibet

219 557 335 598 enim
366 557 638 611 dispensans,
669 563 715 599 et
755 557 941 611 quilibet
976 556 1207 599 ecclesiam
1237 555 1464 599 conferens
1505 554 1582 596 tali
1623 553 1758 595 modo
1798 552 2024 606 dispensa-

218 642 286 678 ret
317 644 363 679 et
395 639 667 690 concederet,
699 638 820 692 quod
854 637 995 691 major
1028 637 1123 679 laus
1159 638 1260 679 Deo
1290 643 1336 679 et
1371 636 1512 690 major
1546 634 1664 676 salus
1699 633 1890 688 plurium
1930 631 2025 673 ani-

218 731 390 759 marum
431 731 491 760 ex
533 725 634 761 actu
674 733 755 761 suo
794 725 1090 773 sequerentur.
1149 718 1257 759 Vae!
1298 715 1391 758 vae!
1444 717 1630 758 miseriae
1671 715 1758 757 mei
1797 713 2022 768 temporis,

218 803 329 851 quot
371 799 532 840 animae
567 799 662 853 jam
701 806 899 854 pereunt,
938 813 1038 854 quae
1069 799 1113 841 in
1145 798 1268 841 coelis
1303 812 1478 852 semper
1508 798 1657 839 Deum
1690 796 1956 844 laudassent,
1987 794 2023 835 si

217 878 387 919 bonum
426 878 658 933 praelatum
694 886 739 922 et
781 886 996 921 rectorem
1039 879 1323 929 habuissent;
1364 879 1425 920 sic
1468 879 1587 919 enim
1633 877 1854 918 Dominus
1892 874 2022 922 dixit,

219 958 464 1001 Ezechielis
493 959 571 1013 iij0,
605 960 663 1002 de
693 960 812 1002 malo
839 960 1035 1014 praelato,
1073 959 1212 1014 ‘ipse,'
1245 973 1305 1001 sc.
1326 959 1542 1010 subditus,
1577 957 1809 999 ‘morietur
1843 956 1887 996 in
1919 967 2022 1009 pec-

218 1043 318 1079 cato
352 1051 446 1087 suo,
477 1039 581 1092 quia
611 1052 700 1080 non
729 1039 1003 1080 annunciasti
1035 1037 1102 1080 ei.’
1165 1038 1239 1080 Sic
1270 1038 1489 1079 Dominus
1519 1038 1637 1079 dicet
1678 1036 1795 1078 malo
1834 1041 2022 1090 patrono

219 1124 264 1159 et
292 1118 499 1172 episcopo
526 1119 601 1173 qui
630 1119 746 1161 male
774 1120 971 1162 admittit
1001 1120 1194 1173 aliquem
1225 1120 1270 1160 in
1298 1119 1527 1161 ecclesiam
1558 1132 1634 1160 seu
1663 1118 1881 1159 officium:
1913 1118 1923 1136 ‘
1941 1115 2025 1157 Ille

218 1198 408 1251 populus
443 1199 650 1241 morietur
679 1201 723 1241 in
758 1206 940 1254 peccato
970 1214 1061 1251 suo,
1082 1200 1186 1254 quia
1217 1213 1304 1241 non
1335 1200 1495 1241 dedisti
1527 1199 1567 1240 ei
1597 1199 1764 1240 bonum
1796 1204 1840 1239 et
1871 1196 2024 1238 melio-

219 1292 313 1319 rem
342 1286 567 1330 rectorem‚
588 1281 734 1335 potuit
759 1282 875 1323 enim
897 1282 1043 1322 vivere
1068 1288 1113 1322 et
1140 1280 1309 1330 salvari,
1333 1281 1369 1322 si
1397 1287 1446 1322 tu
1471 1280 1670 1321 debitum
1694 1285 1820 1320 tuum
1845 1278 2024 1320 fecisses

219 1360 264 1400 in
296 1360 446 1402 dando
485 1361 526 1402 ei
564 1361 701 1403 talem
741 1369 968 1412 rectorem,
1003 1375 1135 1416 quem
1173 1362 1332 1403 novisti
1362 1361 1433 1403 vel
1469 1361 1691 1403 credidisti
1724 1373 1866 1413 posse,
1899 1359 2021 1405 scire,

219 1447 265 1482 et
293 1441 407 1483 velle
435 1441 646 1495 perficere
678 1457 779 1497 quae
814 1443 939 1484 Deus
969 1442 1110 1496 jussit,
1143 1448 1187 1484 et
1217 1443 1254 1484 si
1289 1449 1350 1494 tu,
1381 1448 1567 1496 patrone
1606 1441 1677 1483 vel
1713 1441 1930 1494 episcope,
1961 1439 2023 1481 sic

219 1519 396 1563 fecisses
427 1520 499 1564 hic
526 1522 571 1564 in
596 1522 836 1565 collacione
864 1523 937 1565 vel
964 1523 1242 1573 admissione,
1264 1522 1396 1564 frater
1426 1536 1549 1564 meus
1571 1522 1773 1572 Xtianus,
1794 1527 1895 1562 tuus
1920 1521 2023 1562 sub-

218 1601 350 1650 ditus,
372 1602 434 1643 sic
465 1608 663 1644 mortuus
693 1616 783 1644 non
813 1603 967 1645 fuisset
998 1617 1078 1644 nec
1108 1604 1171 1645 ita
1201 1603 1468 1657 dampnatus
1483 1601 1507 1654 ;’
1538 1604 1630 1654 sed,
1659 1600 1768 1644 heu!
1799 1602 1903 1656 quia
1928 1601 2023 1654 jam

219 1681 501 1724 conferuntur
544 1683 739 1725 ecclesiae
780 1691 825 1726 et
864 1685 1006 1726 officia
1045 1690 1094 1725 ut
1133 1684 1333 1726 homines
1376 1685 1572 1726 ditentur
1614 1690 1660 1725 et
1701 1685 1745 1724 in
1788 1683 2023 1724 mundanis

146 1776 150 1779 ·
211 1761 486 1804 honorentur
531 1764 682 1818 pocius
729 1778 864 1818 quam
906 1771 955 1806 ut
1002 1765 1191 1807 intencio
1235 1772 1280 1807 et
1320 1766 1542 1807 ordinacio
1588 1765 1673 1806 Dei
1714 1764 2023 1818 perficiantur;

216 1856 352 1896 opera
386 1843 503 1884 enim
539 1844 583 1884 in
617 1857 704 1885 uno
737 1843 915 1886 homine
950 1846 1190 1886 ostendunt
1219 1846 1364 1899 ipsum
1400 1860 1497 1887 esse
1531 1844 1790 1886 habiliorem
1821 1844 1879 1885 ad
1910 1858 2024 1898 opus
2053 1866 2065 1869 „

220 1923 308 1964 Dei
346 1922 542 1965 fiendum
583 1938 717 1978 quarn
755 1925 896 1977 alius;
937 1926 1037 1967 ideo
1079 1927 1196 1967 enim
1237 1926 1456 1968 Dominus
1494 1926 1611 1968 dixit
1652 1926 1813 1967 Moisi:
1866 1924 2024 1978 ‘Elige

220 2016 333 2056 quos
361 2009 410 2045 tu
442 2005 568 2055 nosti,
591 2006 667 2059 qui
697 2006 856 2048 timent
883 2007 1044 2057 Deum,
1066 2015 1110 2049 et
1140 2008 1215 2061 qui
1245 2007 1357 2049 tales
1387 2014 1431 2049 et
1460 2007 1572 2049 tales
1604 2013 1718 2058 sunt,
1739 2020 1873 2060 opera
1904 2006 2022 2046 enim

220 2096 321 2136 quae
350 2083 543 2127 fecerunt
573 2087 874 2129 testimonium
905 2089 962 2129 de
993 2089 1053 2129 eis
1084 2088 1315 2142 perhibent
1344 2095 1389 2131 et
1418 2087 1683 2130 ostendunt?

338 2170 384 2214 [p.
410 2171 498 2213 188.]
555 2172 691 2217 Papa.
739 2168 806 2210 Ut
835 2175 959 2223 patet
988 2170 1033 2210 in
1064 2169 1174 2210 libro
1198 2170 1538 2211 attestacionum
1570 2183 1647 2211 seu
1677 2166 2019 2222 deposicionum‚

222 2257 332 2298 quas
365 2244 612 2300 Imperator
640 2249 833 2291 Karolus
874 2250 1071 2304 Quartus
1111 2257 1155 2291 et
1195 2263 1321 2304 reges
1365 2257 1410 2292 et
1448 2250 1691 2292 cardinales
1732 2254 1776 2289 et
1816 2247 2022 2288 doctores

222 2339 357 2367 sacrae
386 2327 571 2380 paginae,
600 2343 677 2371 seu
708 2329 976 2386 Theologiae‚
1007 2338 1052 2373 et
1087 2332 1175 2372 duo
1205 2331 1475 2373 confessores
1503 2332 1648 2372 beatae
1684 2328 1895 2382 Birgittae,
1928 2339 2021 2366 ma-

221 2405 359 2459 gister
399 2405 552 2448 Petrus
593 2407 727 2451 Olani
766 2417 812 2452 et
851 2412 1056 2453 dominus
1098 2411 1242 2460 Olani,
1285 2417 1330 2452 et
1369 2411 1442 2452 alii
1484 2411 1611 2452 multi
1651 2407 1935 2462 deponebant
1975 2411 2021 2446 et

218 2485 426 2539 jurabant
458 2486 617 2528 Romae
655 2502 800 2532 coram
832 2505 951 2547 papa
983 2491 1195 2545 Gregorio
1230 2490 1299 2544 xj⁰
1333 2498 1378 2534 et
1415 2505 1534 2546 papa
1570 2490 1753 2532 Urbano
1792 2492 1923 2528 sexto
1964 2486 2022 2527 de

222 2571 375 2606 sancta
403 2565 505 2617 vita,
541 2573 586 2608 et
616 2568 844 2623 miraculis,
878 2573 1048 2627 magnis
1079 2578 1123 2613 et
1155 2572 1363 2626 pluribus,
1387 2572 1531 2613 beatae
1563 2570 1773 2622 Birgittae‚
1806 2572 2021 2607 matronae

223 2651 270 2687 et
302 2645 448 2686 viduae
486 2647 721 2700 praedictae,
751 2656 796 2692 et
834 2651 958 2693 illum
998 2652 1157 2694 librum
1197 2652 1537 2694 attestacionum
1572 2649 1881 2704 praedictarum
1921 2660 2018 2700 ego,

223 2724 423 2766 Thomas
462 2724 721 2781 Gascoigne,
761 2730 1051 2774 Eboracensis
1091 2732 1276 2774 diocesis
1317 2733 1361 2773 in
1390 2731 1558 2785 Anglia
1593 2735 1732 2776 natu5‚
1768 2726 1849 2768 feci
1889 2727 2020 2768 scribi

225 2805 418 2848 Oxoniae
446 2805 491 2847 in
509 2807 702 2850 vitulinis
723 2809 925 2863 Oxoniae,
946 2814 1188 2856 secundum
1213 2812 1386 2867 copiam
1414 2812 1527 2853 illius
1552 2809 1647 2850 libri
1675 2806 2063 2867 attestacionum—

224 2899 305 2940 pro
325 2887 658 2930 canonizacione
677 2889 821 2932 beatae
838 2891 1048 2947 Birgittae‚
1066 2907 1198 2947 quem
1220 2893 1423 2935 dominus
1438 2891 1607 2945 Symon
1624 2887 1823 2942 Wynter‚
1835 2886 2021 2930 devotus

1110 2972 1136 3003 Ζ
