2456 3210
486 249 537 276 10
984 239 1114 274 LOCJ
1149 237 1188 272 E
1227 237 1391 271 LIBRO
1440 235 1782 270 VERJTATUM.

488 383 683 424 Boemiae
711 381 978 424 defendebat
1005 380 1240 435 praedictos
1262 380 1373 421 duos
1403 376 1619 419 hereticos
1641 375 1877 418 Bohemios
1904 382 1948 416 et
1974 369 2036 416 eis
2063 373 2290 417 adhaeren-

486 469 566 513 tes,
588 470 632 505 et
663 463 803 505 eciam
832 461 997 503 malurn
1027 462 1284 515 magistrum
1315 459 1480 500 arcium
1514 457 1707 500 Oxoniae
1739 458 1918 499 Petrum
1939 454 2193 509 Anglicum,
2215 453 2296 508 qui.

489 543 697 598 portabat
713 543 846 584 libros
864 542 1026 584 multos
1041 541 1240 597 praedicti
1257 539 1479 594 Wyclyffe
1495 525 1689 580 haeretici
1711 538 1767 579 de
1783 536 1950 591 Anglia
1971 536 2015 577 in
2037 536 2225 589 Pragam
2247 534 2292 575 in

490 637 673 678 regnum
697 622 934 674 Bohemiae,
951 623 1024 677 qui
1046 622 1200 664 Petrus
1221 621 1303 662 fuit
1324 620 1438 661 filius
1459 620 1587 661 unius
1609 618 1880 673 Francigeni,
1898 617 1976 659 sed
1998 622 2126 659 natus
2146 615 2227 656 fuit
2248 614 2297 656 in

488 704 592 745 villa
612 703 791 758 Angliae
817 717 917 757 quae
945 708 1126 744 vocatur
1149 701 1287 755 Hogh
1311 701 1444 754 juxta
1462 699 1611 742 villam
1638 705 1841 748 vocatam
1864 696 2123 746 Grantham,
2146 701 2191 738 et
2217 709 2299 736 vo-n

460 784 606 826 -cavit
630 798 678 825 se
704 784 849 838 ipsum
871 783 1050 825 Petrum
1074 781 1305 832 clericum,
1328 780 1528 834 Anglice‚
1553 779 1700 822 Clark.
1762 779 1824 820 Et
1850 777 2048 833 praedicti
2070 776 2295 830 Johannes

494 863 617 905 Huss
638 870 683 905 et
703 864 952 917 Jeronimus
973 863 1030 904 de
1051 863 1192 916 Praga
1212 862 1386 903 fuerunt
1415 861 1635 903 combusti
1660 866 1709 902 ut
1733 859 1929 901 haeretici
1955 858 2000 900 in
2029 855 2301 899 Constancia

492 951 693 998 tempore
724 943 892 986 consilii
926 942 1293 990 Constanciensis‚
1327 949 1376 984 ut
1407 942 1523 983 dixit
1555 940 1662 982 mihi
1693 940 1863 982 doctori
1899 938 2134 992 Gascoyne
2166 937 2300 978 bonae

493 1025 717 1066 memoriae
747 1023 976 1079 episcopus
1003 1024 1229 1078 quondam
1264 1022 1574 1064 Herfordensis
1600 1021 1805 1063 dominus
1828 1019 2026 1061 Thomas
2059 1015 2299 1072 Spofforth‚

493 1105 692 1159 sepultus
720 1104 922 1155 Eboraci,
944 1104 1018 1158 qui
1045 1103 1129 1145 hoc
1154 1102 1264 1144 vidit
1297 1101 1575 1144 Constanciae
1604 1101 1647 1142 in
1676 1106 1876 1155 tempore
1903 1099 2101 1154 praedicti
2127 1095 2299 1140 concilii

493 1185 709 1239 generalis
741 1184 1032 1227 Constanciae.
1096 1183 1170 1225 Et.
1191 1183 1428 1237 praedictus
1461 1183 1699 1236 imperator
1728 1180 1986 1231 Turcorum,
2017 1176 2303 1220 Waldewach‘

496 1266 686 1316 nomine,
703 1264 817 1306 filius
838 1265 1073 1306 bastardus
1096 1263 1294 1305 Cassiani
1319 1262 1602 1317 Imperatoris
1621 1262 1876 1311 Turcorum,
1899 1260 2057 1301 invasit
2078 1264 2124 1300 et
2144 1257 2301 1311 adquid

497 1346 597 1386 sivit
628 1346 708 1386 sibi
738 1351 782 1387 et
806 1345 962 1387 Turcis
992 1345 1214 1386 civitatem
1249 1341 1694 1397 Constantinopolim,
1724 1348 1768 1383 et
1798 1341 1958 1383 occidit
1988 1340 2303 1394 imperatorem

496 1425 772 1467 orientalium
810 1425 1088 1473 Xfianorum,
1126 1431 1171 1466 et
1206 1438 1322 1478 papa
1360 1423 1566 1466 calixtus
1601 1421 1760 1463 tercius
1794 1427 1924 1462 vocat
1959 1433 2060 1461 eum
2097 1419 2142 1460 in
2180 1416 2306 1460 bulla·

498 1519 578 1546 sua
614 1505 746 1546 missa
786 1505 830 1546 in
865 1505 1077 1559 Angliam
1118 1518 1234 1546 anno
1275 1504 1355 1545 Xti
1396 1502 1526 1555 14560
1560 1502 1748 1544 alterum
1785 1501 2098 1550 Macometum‚
2136 1504 2180 1540 et
2220 1498 2303 1540 iste

498 1585 738 1639 imperator
761 1586 1004 1628 Turcorum
1034 1586 1094 1627 sic
1125 1586 1297 1639 scripsit
1325 1585 1369 1626 in
1397 1584 1570 1638 scriptis
1597 1583 1685 1625 suis
1712 1583 1797 1624 isto
1825 1580 1951 1624 stilo:
1983 1578 2302 1629 ‘Waldewach,

498 1666 645 1719 gracia
688 1666 926 1708 Macometi
965 1667 1203 1720 imperator
1241 1665 1498 1717 Turcorum,
1528 1664 1828 1712 Tartarorum,
1864 1668 1909 1704 et
1950 1661 2217 1712 Graecorum,
2259 1665 2306 1701 et·

500 1746 700 1787 inimicus
735 1746 933 1787 omnium
971 1745 1259 1797 Xtianorum,'
1291 1752 1335 1787 et
1372 1745 1506 1787 frater
1546 1743 1639 1798 ejus
1680 1758 1739 1785 ex
1778 1748 1904 1797 parte
1944 1735 2080 1796 patris
2116 1741 2182 1782 sui
2222 1740 2305 1780 im«

502 1826 716 1880 peratoris
737 1825 992 1878 Turcomm,
1017 1826 1156 1868 haeres
1176 1826 1432 1876 Turcorum,
1454 1830 1610 1879 captus
1636 1824 1718 1865 fuit
1745 1837 1823 1878 per
1841 1822 2050 1872 Venetos,
2072 1827 2116 1863 et
2147 1819 2307 1862 Romae

503 1906 715 1948 mandato
752 1906 885 1960 Papae
923 1906 1076 1948 Calisti
1111 1906 1162 1961 3ii
1194 1906 1443 1961 baptizatus
1483 1905 1578 1955 fuit,
1612 1910 1656 1945 et
1690 1909 1871 1945 vocatus
1912 1902 1993 1943 suit
2027 1901 2307 1950 Valentinus,

505 1986 618 2028 sicut
637 1985 719 2027 fuit
744 2000 860 2040 papa
882 1986 953 2027 ille
974 1993 1156 2028 vocatus
1179 1992 1284 2028 ante
1304 1999 1431 2027 suum
1453 1991 1679 2039 papatum.

622 2071 782 2116 [p.125.]
823 2071 1074 2107 Con-aecio.
1148 2067 1469 2121 Episcoporum
1514 2063 1708 2105 officiarii
1749 2069 1907 2118 optant
1948 2063 2040 2117 jam
2083 2068 2131 2104 ut
2178 2062 2311 2116 plura

505 2145 576 2187 vel
608 2145 756 2187 omnia
797 2152 943 2188 essent
983 2146 1204 2200 prohibita
1245 2146 1421 2201 populo,
1465 2150 1512 2186 ut
1555 2143 1816 2186 necessitate
1856 2143 1996 2185 coacti
2038 2147 2309 2185 recurrerent

507 2225 564 2266 ad
599 2239 675 2267 eos
710 2239 789 2280 pro
823 2225 1001 2267 licencia
1042 2231 1086 2267 et
1120 2226 1453 2280 dispensacione
1485 2223 1777 2274 concedenda,
1814 2229 1862 2265 ut
1898 2223 2028 2266 liceat
2069 2225 2131 2265 eis
2166 2223 2309 2265 facere

509 2311 662 2348 contra
692 2305 837 2360 legem
870 2305 1077 2357 ecclesiae,
1108 2320 1185 2347 seu
1218 2313 1370 2348 contra
1398 2304 1607 2347 mandata
1638 2303 1830 2358 episcopi
1862 2304 2094 2346 diocesani.
2155 2304 2311 2357 Nuper

510 2385 627 2427 enim
661 2386 760 2427 novi
794 2385 912 2440 quod
949 2385 1142 2427 officiarii
1179 2386 1372 2440 episcopi
1408 2384 1655 2426 habuerunt
1692 2384 1886 2438 quinque
1922 2398 2091 2427 marcas
2127 2397 2186 2426 ex
2221 2396 2309 2424 uno

509 2466 725 2520 armigero
762 2479 842 2520 pro
878 2465 1057 2507 licencia
1093 2479 1227 2519 quam
1264 2466 1302 2507 ei
1339 2465 1555 2507 dederunt
1597 2470 1644 2505 ut
1686 2471 1802 2506 esset
1843 2471 2005 2519 nuptus
2041 2466 2085 2506 in
2127 2463 2311 2507 ecclesia

511 2545 748 2598 parochiali
792 2546 884 2587 sine
928 2545 1084 2587 bannis
1129 2545 1411 2599 proclamatis
1458 2544 1500 2585 in
1546 2543 1739 2595 ecclesia,
1777 2551 1819 2586 et
1861 2546 1953 2587 sine
1994 2545 2079 2586 illis
2119 2544 2311 2598 quinque

514 2626 668 2667 marcis
708 2639 795 2667 non
830 2625 1060 2667 voluerunt
1097 2625 1201 2666 dare
1234 2626 1272 2666 ei
1309 2624 1566 2679 praedictam
1603 2624 1841 2667 licenciam.
1916 2626 2030 2668 Item
2063 2625 2312 2672 habuerunt

514 2717 546 2744 x
602 2719 769 2747 marcas
813 2705 870 2746 ab
918 2719 1004 2746 una
1054 2704 1233 2746 muliere
1285 2705 1416 2746 vidua
1457 2718 1536 2758 pro
1584 2703 1765 2746 licencia
1815 2705 2019 2747 habenda
2068 2710 2117 2746 ut
2162 2708 2312 2758 posset

516 2797 672 2826 vovere
703 2785 950 2827 castitatem
981 2797 1128 2826 coram
1157 2798 1419 2838 quocunque
1451 2784 1659 2839 episcopo
1689 2785 1758 2826 vel
1788 2786 1960 2837 abbate,
1982 2786 2043 2828 ita
2074 2783 2191 2839 quod
2210 2796 2311 2824 ‘non
