2456 3210
511 255 537 295 6
1007 259 1138 295 LOCI
1173 260 1212 294 E
1251 259 1416 294 LIBRO
1464 259 1805 295 VERITATUM.

513 403 800 447 Grawntham
836 409 994 445 vocata
1028 402 1218 457 Anglice
1255 402 1398 452 Hoch,
1436 408 1480 443 et
1515 402 1574 443 ibi
1615 404 1777 444 mansit
1815 409 1941 457 pater
1975 403 2080 458 ejus,
2117 404 2192 458 qui
2232 403 2315 446 fuit

513 484 667 527 Gallus
698 498 774 525 seu
807 484 1000 525 Francus
1031 483 1225 531 nacione,
1248 488 1376 523 natus
1407 483 1451 523 in
1483 481 1640 534 Gallia,
1671 483 1744 537 qui
1776 483 1931 526 Petrus
1960 484 2200 526 associatus
2231 484 2316 526 fuit

514 565 631 606 malo
661 564 855 606 heretico
887 562 1113 617 Procopio,
1146 563 1189 603 in
1222 562 1361 616 Praga
1392 561 1621 616 principali
1652 562 1859 605 heretico.
2192 588 2194 590 ·

629 651 678 694 [p.
700 650 770 692 61.]
816 643 1046 685 Abbathia
1084 644 1139 684 de
1173 642 1278 696 Byri
1312 643 1355 683 in.
1391 648 1591 697 tempore
1626 642 1838 685 Willelmi
1874 642 2102 686 Cratfeld1
2137 644 2312 686 abbatis

512 726 702 780 optinuit
743 740 769 766 a
811 725 932 778 Papa
966 724 1171 765 Romano
1212 723 1439 764 licenciam
1481 723 1670 777 eligendi
1710 724 1921 766 abbatem
1962 726 2313 779 quandocunque

512 806 649 847 abbas
690 811 929 846 moreretur
964 805 1056 845 sine
1094 817 1266 845 recursu
1307 804 1364 844 ad
1405 817 1597 857 papam3
1641 810 1773 845 antea
1813 806 1929 846 enim
1971 819 2060 847 non
2100 804 2314 860 eligerunt

512 887 720 927 abbatem
763 886 844 926 nisi
886 885 1004 938 prius
1043 884 1257 925 haberent
1293 883 1527 937 specialem
1563 883 1788 925 licenciam
1824 899 1851 926 a
1885 899 2002 940 papa
2037 885 2237 940 eligendi,
2268 891 2314 928 et

513 966 593 1007 nisi
636 967 773 1008 eciam
815 965 999 1019 quilibet
1041 965 1203 1006 electus
1244 964 1576 1006 confirmaretur
1613 964 1783 1016 Romae,
1817 972 1862 1007 et
1897 980 1977 1020 pro
2013 967 2097 1008 ista
2132 966 2313 1008 licencia
2360 963 2364 973 “

514 1046 703 1100 eligendi
748 1046 955 1087 abbatem
1002 1045 1095 1086 sine
1144 1058 1316 1086 recursu
1364 1045 1422 1086 ad
1469 1044 1662 1086 Romam
1705 1045 1775 1087 vel
1821 1047 1878 1087 ad
1922 1060 2097 1101 papam,
2138 1046 2313 1088 solvunt

512 1127 709 1182 praedicti
747 1125 950 1167 monachi
991 1125 1046 1166 de
1084 1124 1188 1178 Byri
1224 1125 1452 1166 annuatim
1487 1138 1554 1166 xx
1587 1125 1730 1178 libras,
1763 1132 1807 1167 et
1840 1126 1980 1168 eciam
2013 1127 2189 1169 solvunt
2221 1127 2312 1181 regi

511 1208 742 1249 annuatim
779 1220 846 1247 xx
883 1205 1082 1246 marchas
1116 1219 1195 1259 pro
1228 1205 1410 1247 licencia
1443 1205 1658 1247 retinendi
1690 1219 1769 1247 sua
1804 1207 2066 1262 temporalia
2100 1208 2144 1249 in
2178 1221 2311 1249 manu

514 1287 765 1330 monasterii
801 1293 902 1341 post
937 1292 1122 1327 mortem
1159 1284 1369 1339 cujusque
1404 1286 1589 1337 abbatis,
1623 1291 1667 1328 et
1699 1286 1756 1327 ad
1797 1287 2029 1329 solvendas
2064 1288 2170 1329 istas
2204 1301 2312 1342 pen·-

513 1369 654 1409 siones
696 1367 1084 1421 appropriaverunt
1132 1366 1395 1407 monasterio
1440 1379 1519 1406 suo
1560 1366 1670 1407 duas
1710 1366 1914 1408 ecclesias
1953 1367 2226 1422 parochiales
2267 1373 2312 1409 et

512 1449 678 1490 habent
707 1448 940 1502 sexaginta
969 1460 1051 1488 sex
1083 1446 1287 1487 ecclesias
1319 1447 1381 1487 eis
1413 1447 1691 1500 pertinentes.

630 1535 681 1578 [p.
704 1534 774 1575 62]
820 1528 975 1582 Nuper
1008 1540 1118 1567 unus
1154 1540 1302 1568 comes
1339 1527 1560 1568 destruxit
1593 1540 1727 1568 unam
1759 1540 1966 1581 magnam
2004 1527 2234 1570 ecclesiam
2267 1534 2312 1570 et

512 1609 765 1664 parochiam
794 1609 836 1648 in
865 1608 948 1649 hoc
974 1609 1092 1661 quod
1119 1607 1416 1661 appropriavit
1443 1607 1560 1648 bona
1588 1607 1739 1649 debita
1767 1607 1945 1649 Rectori
1974 1607 2087 1649 illius
2118 1608 2311 1650 ecclesiae

513 1691 586 1731 uni
618 1688 861 1730 Abbathiae
898 1702 949 1729 ea
985 1688 1258 1738 intencione3
1300 1694 1349 1728 ut
1385 1687 1584 1741 quolibet
1616 1701 1732 1729 anno
1767 1687 1989 1729 celebrent
2022 1689 2234 1742 exequias
2266 1693 2312 1731 et

516 1772 695 1811 missam
725 1782 803 1823 pro
835 1769 981 1809 anima
1012 1767 1130 1821 ejus;
1171 1774 1215 1809 et
1246 1768 1327 1821 ipsi
1358 1768 1518 1809 divites
1548 1767 1737 1822 religiosi
1770 1767 1958 1809 multum
1990 1768 2129 1810 dotati
2161 1769 2310 1810 comiti

513 1850 791 1900 benedicunt,
837 1855 881 1890 et
927 1848 1178 1902 parochiani
1219 1848 1333 1888 illius
1374 1848 1566 1890 ecclesiae
1610 1848 1902 1902 appropriatae
1950 1854 1995 1889 et
2034 1849 2194 1890 animae
2233 1862 2312 1904 per

514 1931 733 1973 defectum
764 1930 868 1970 boni
900 1930 1035 1970 curati
1066 1935 1299 1983 pereuntes
1326 1929 1365 1969 ei
1392 1928 1670 1978 maledicunt,
1694 1934 1738 1969 et
1761 1927 1906 1969 viduae
1938 1927 2044 1970 flent
2075 1935 2119 1971 et
2147 1928 2310 1982 dolent,

514 2018 558 2054 et
593 2011 782 2052 lacrimae
818 2023 965 2050 coram
1007 2010 1104 2050 Deo
1139 2023 1319 2062 poenam
1353 2008 1502 2050 comiti
1539 2013 1770 2059 merentur,
1807 2008 1909 2062 quia
1945 2009 2056 2050 sicut
2097 2010 2135 2051 ei
2173 2009 2310 2052 male-

516 2093 679 2142 dicunt,
720 2091 780 2132 sic
819 2089 987 2130 habent
1023 2089 1187 2142 justam
1233 2103 1411 2130 causam
1451 2102 1530 2142 per
1569 2101 1702 2142 quam
1747 2087 1863 2129 idem
1913 2102 2060 2131 comes
2109 2090 2310 2133 maledici

513 2188 540 2215 a
589 2172 689 2214 Deo
738 2170 905 2218 meruit,
953 2182 1004 2210 eo
1053 2170 1171 2223 quod
1219 2183 1298 2223 per
1343 2176 1490 2210 actum
1534 2182 1662 2210 suum
1710 2174 1755 2210 et
1802 2182 1880 2222 per
1920 2168 2041 2211 illam
2085 2171 2310 2225 appropri-

514 2254 712 2295 acionem
763 2252 888 2292 deest
942 2250 1003 2290 eis
1053 2250 1195 2290 bonus
1244 2255 1394 2303 pastor
1438 2256 1482 2290 et
1533 2254 1673 2289 rector
1722 2254 1766 2289 et
1815 2248 2026 2291 honestus
2074 2251 2215 2292 victus
2265 2256 2311 2293 et

514 2332 790 2387 hospitalitas
825 2331 868 2372 in
904 2329 1109 2384 parochia
1145 2335 1188 2370 et
1223 2330 1343 2370 verbi
1378 2329 1463 2370 Dei
1503 2328 1773 2382 praedicacio,
1807 2334 1852 2369 et
1888 2343 2044 2371 sanum
2081 2336 2125 2372 et
2161 2344 2310 2373 neces-

515 2415 675 2456 sarium
721 2410 948 2453 consilium
992 2423 1071 2463 pro
1119 2409 1259 2451 salute
1306 2410 1562 2458 animarum,
1605 2415 1650 2450 et
1695 2408 1756 2450 sic
1803 2423 1881 2463 per
1920 2410 2063 2464 ipsum
2107 2417 2204 2452 orta
2243 2417 2310 2454 est

514 2496 608 2536 haec
639 2493 781 2547 gravis
811 2497 1052 2544 tempestas
1083 2489 1270 2543 plurium
1303 2489 1518 2530 malorum
1550 2488 1592 2528 in
1625 2487 1700 2530 illa
1730 2489 1947 2542 parochia.
2234 2548 2235 2551 Ἴ

630 2581 681 2623 [p.
702 2578 772 2621 65]
828 2576 1020 2612 Abusus.
1078 2569 1142 2610 Ut
1174 2569 1366 2610 ostendit
1397 2569 1551 2609 doctor
1582 2566 1827 2610 Willelmus
1854 2569 2091 2613 Wudforth
2122 2572 2166 2612 in
2197 2569 2309 2612 libro

516 2661 665 2697 contra
701 2652 956 2705 Trialogum
992 2648 1207 2703 Wyclifse,
1246 2649 1310 2690 i.e.
1352 2654 1502 2689 contra
1549 2647 1596 2687 18
1635 2648 1934 2692 conclusiones
1970 2651 2189 2706 WVyclyffe
2230 2660 2308 2692 ex*

516 2742 676 2776 tractas
707 2748 732 2775 a
763 2731 969 2785 Trialogo
1003 2730 1192 2772 Oxoniae
1225 2736 1267 2770 et
1299 2727 1542 2769 Londoniae
1575 2728 1850 2783 dampnatas.

1292 2818 1299 2836 ¹
1330 2827 1529 2859 1390—1414.
