<?xml version="1.0" encoding="UTF-8"?>
<!DOCTYPE html PUBLIC "-//W3C//DTD XHTML 1.0 Transitional//EN"
    "http://www.w3.org/TR/xhtml1/DTD/xhtml1-transitional.dtd">
<html xmlns="http://www.w3.org/1999/xhtml" xml:lang="en" lang="en">
 <head>
  <title>
</title>
<meta http-equiv="Content-Type" content="text/html;charset=utf-8" />
  <meta name='ocr-system' content='tesseract 3.04.00' />
  <meta name='ocr-capabilities' content='ocr_page ocr_carea ocr_par ocr_line ocrx_word'/>
</head>
<body>
  <div class='ocr_page' id='page_1' title='image "./locielibroverita00gascuoft_0113.png"; bbox 0 0 2456 3210; ppageno 0'>
   <div class='ocr_carea' id='block_1_1' title="bbox 661 264 1961 303">
    <p class='ocr_par' dir='ltr' id='par_1_1' title="bbox 661 264 1961 303">
     <span class='ocr_line' id='line_1_1' title="bbox 661 264 1961 303; baseline -0.005 0"><span class='ocrx_word' id='word_1_1' title='bbox 661 267 793 303; x_wconf 90' lang='lat' dir='ltr'><em>LOCI</em></span> <span class='ocrx_word' id='word_1_2' title='bbox 827 266 866 301; x_wconf 92' lang='lat' dir='ltr'><em>E</em></span> <span class='ocrx_word' id='word_1_3' title='bbox 903 265 1071 301; x_wconf 90' lang='lat' dir='ltr'><em>LIBRO</em></span> <span class='ocrx_word' id='word_1_4' title='bbox 1117 264 1463 300; x_wconf 86' lang='lat' dir='ltr'><em>VERITATUM.</em></span> <span class='ocrx_word' id='word_1_5' title='bbox 1915 266 1961 297; x_wconf 86' lang='lat'>11</span> 
     </span>
    </p>
   </div>
   <div class='ocr_carea' id='block_1_2' title="bbox 94 403 1968 2780">
    <p class='ocr_par' dir='ltr' id='par_1_2' title="bbox 94 403 1968 1826">
     <span class='ocr_line' id='line_1_2' title="bbox 162 403 1964 458; baseline -0.005 -5"><span class='ocrx_word' id='word_1_6' title='bbox 162 410 385 453; x_wconf 88' lang='lat' dir='ltr'>&#39;teneretur</span> <span class='ocrx_word' id='word_1_7' title='bbox 423 410 507 452; x_wconf 90' lang='lat' dir='ltr'>hoc</span> <span class='ocrx_word' id='word_1_8' title='bbox 547 410 690 452; x_wconf 87' lang='lat' dir='ltr'>facere</span> <span class='ocrx_word' id='word_1_9' title='bbox 730 423 879 452; x_wconf 87' lang='lat' dir='ltr'>coram</span> <span class='ocrx_word' id='word_1_10' title='bbox 919 422 999 450; x_wconf 93' lang='lat' dir='ltr'>suo</span> <span class='ocrx_word' id='word_1_11' title='bbox 1040 407 1289 449; x_wconf 57' lang='lat' dir='ltr'>diocesano.</span> <span class='ocrx_word' id='word_1_12' title='bbox 1366 405 1482 446; x_wconf 88' lang='lat' dir='ltr'><strong>Item</strong></span> <span class='ocrx_word' id='word_1_13' title='bbox 1524 403 1750 458; x_wconf 85' lang='lat' dir='ltr'>pecierunt</span> <span class='ocrx_word' id='word_1_14' title='bbox 1790 403 1867 445; x_wconf 83' lang='lat' dir='ltr'>xl⁸.</span> <span class='ocrx_word' id='word_1_15' title='bbox 1900 404 1964 445; x_wconf 89' lang='lat' dir='ltr'>in-</span> 
     </span>
     <span class='ocr_line' id='line_1_3' title="bbox 161 481 1967 547; baseline -0.004 -14"><span class='ocrx_word' id='word_1_16' title='bbox 161 497 340 541; x_wconf 85' lang='lat' dir='ltr'><strong>stanter,</strong></span> <span class='ocrx_word' id='word_1_17' title='bbox 374 491 570 533; x_wconf 87' lang='lat' dir='ltr'>dicentes</span> <span class='ocrx_word' id='word_1_18' title='bbox 610 490 729 544; x_wconf 93' lang='lat' dir='ltr'>quod</span> <span class='ocrx_word' id='word_1_19' title='bbox 773 486 971 547; x_wconf 92' lang='lat' dir='ltr'>[nol]unt</span> <span class='ocrx_word' id='word_1_20' title='bbox 1012 489 1119 529; x_wconf 90' lang='lat' dir='ltr'>dare</span> <span class='ocrx_word' id='word_1_21' title='bbox 1157 486 1386 528; x_wconf 86' lang='lat' dir='ltr'>licenciam</span> <span class='ocrx_word' id='word_1_22' title='bbox 1427 486 1472 526; x_wconf 94' lang='lat' dir='ltr'>in</span> <span class='ocrx_word' id='word_1_23' title='bbox 1512 481 1875 543; x_wconf 89' lang='lat' dir='ltr'>anachor[etum]</span> <span class='ocrx_word' id='word_1_24' title='bbox 1918 491 1967 527; x_wconf 91' lang='lat' dir='ltr'>ut</span> 
     </span>
     <span class='ocr_line' id='line_1_4' title="bbox 161 565 1966 623; baseline -0.004 -10"><span class='ocrx_word' id='word_1_25' title='bbox 161 571 445 613; x_wconf 88' lang='lat' dir='ltr'>translaretur</span> <span class='ocrx_word' id='word_1_26' title='bbox 474 571 531 613; x_wconf 92' lang='lat' dir='ltr'>de</span> <span class='ocrx_word' id='word_1_27' title='bbox 561 585 648 612; x_wconf 91' lang='lat' dir='ltr'>uno</span> <span class='ocrx_word' id='word_1_28' title='bbox 678 570 775 611; x_wconf 91' lang='lat' dir='ltr'>loco</span> <span class='ocrx_word' id='word_1_29' title='bbox 804 575 996 623; x_wconf 87' lang='lat' dir='ltr'>angusto</span> <span class='ocrx_word' id='word_1_30' title='bbox 1027 569 1072 609; x_wconf 92' lang='lat' dir='ltr'>in</span> <span class='ocrx_word' id='word_1_31' title='bbox 1102 567 1237 608; x_wconf 89' lang='lat' dir='ltr'>alium</span> <span class='ocrx_word' id='word_1_32' title='bbox 1268 566 1414 608; x_wconf 92' lang='lat' dir='ltr'>locum</span> <span class='ocrx_word' id='word_1_33' title='bbox 1445 565 1706 620; x_wconf 83' lang='lat' dir='ltr'>spaciosum,</span> <span class='ocrx_word' id='word_1_34' title='bbox 1726 565 1809 607; x_wconf 91' lang='lat' dir='ltr'>nisi</span> <span class='ocrx_word' id='word_1_35' title='bbox 1839 565 1966 607; x_wconf 92' lang='lat' dir='ltr'>daret</span> 
     </span>
     <span class='ocr_line' id='line_1_5' title="bbox 158 643 1966 702; baseline -0.004 -8"><span class='ocrx_word' id='word_1_36' title='bbox 158 652 330 694; x_wconf 86' lang='lat' dir='ltr'>eisdem</span> <span class='ocrx_word' id='word_1_37' title='bbox 371 651 448 693; x_wconf 67' lang='lat' dir='ltr'>xl‘.</span> <span class='ocrx_word' id='word_1_38' title='bbox 484 658 529 693; x_wconf 91' lang='lat' dir='ltr'>et</span> <span class='ocrx_word' id='word_1_39' title='bbox 569 650 654 692; x_wconf 91' lang='lat' dir='ltr'>illis</span> <span class='ocrx_word' id='word_1_40' title='bbox 694 651 811 692; x_wconf 92' lang='lat' dir='ltr'>datis</span> <span class='ocrx_word' id='word_1_41' title='bbox 850 649 973 691; x_wconf 86' lang='lat' dir='ltr'>licuit</span> <span class='ocrx_word' id='word_1_42' title='bbox 1017 648 1138 702; x_wconf 91' lang='lat' dir='ltr'>quod</span> <span class='ocrx_word' id='word_1_43' title='bbox 1178 647 1239 689; x_wconf 90' lang='lat' dir='ltr'>eis</span> <span class='ocrx_word' id='word_1_44' title='bbox 1283 646 1477 701; x_wconf 89' lang='lat' dir='ltr'>placuit:</span> <span class='ocrx_word' id='word_1_45' title='bbox 1529 652 1575 687; x_wconf 90' lang='lat' dir='ltr'>et</span> <span class='ocrx_word' id='word_1_46' title='bbox 1614 646 1678 687; x_wconf 92' lang='lat' dir='ltr'>sic</span> <span class='ocrx_word' id='word_1_47' title='bbox 1718 643 1810 687; x_wconf 87' lang='lat' dir='ltr'>vae!</span> <span class='ocrx_word' id='word_1_48' title='bbox 1861 645 1966 699; x_wconf 88' lang='lat' dir='ltr'>quia</span> 
     </span>
     <span class='ocr_line' id='line_1_6' title="bbox 161 725 1967 782; baseline -0.003 -9"><span class='ocrx_word' id='word_1_49' title='bbox 161 738 231 773; x_wconf 91' lang='lat' dir='ltr'>tot</span> <span class='ocrx_word' id='word_1_50' title='bbox 270 738 372 773; x_wconf 90' lang='lat' dir='ltr'>sunt</span> <span class='ocrx_word' id='word_1_51' title='bbox 411 731 616 782; x_wconf 87' lang='lat' dir='ltr'>tenebrae,</span> <span class='ocrx_word' id='word_1_52' title='bbox 651 730 728 772; x_wconf 92' lang='lat' dir='ltr'>sed</span> <span class='ocrx_word' id='word_1_53' title='bbox 770 731 827 771; x_wconf 88' lang='lat' dir='ltr'>sit</span> <span class='ocrx_word' id='word_1_54' title='bbox 866 730 990 770; x_wconf 91' lang='lat' dir='ltr'>Deus</span> <span class='ocrx_word' id='word_1_55' title='bbox 1026 728 1182 782; x_wconf 86' lang='lat' dir='ltr'>judex,</span> <span class='ocrx_word' id='word_1_56' title='bbox 1223 733 1270 769; x_wconf 92' lang='lat' dir='ltr'>et</span> <span class='ocrx_word' id='word_1_57' title='bbox 1308 727 1460 768; x_wconf 89' lang='lat' dir='ltr'>videat</span> <span class='ocrx_word' id='word_1_58' title='bbox 1500 733 1545 768; x_wconf 87' lang='lat' dir='ltr'>et</span> <span class='ocrx_word' id='word_1_59' title='bbox 1581 725 1752 780; x_wconf 86' lang='lat' dir='ltr'>judicet</span> <span class='ocrx_word' id='word_1_60' title='bbox 1786 739 1967 768; x_wconf 88' lang='lat' dir='ltr'>causam</span> 
     </span>
     <span class='ocr_line' id='line_1_7' title="bbox 162 806 1965 866; baseline -0.002 -14"><span class='ocrx_word' id='word_1_61' title='bbox 162 825 321 863; x_wconf 89' lang='lat' dir='ltr'>meam,</span> <span class='ocrx_word' id='word_1_62' title='bbox 361 811 503 866; x_wconf 89' lang='lat' dir='ltr'>primo</span> <span class='ocrx_word' id='word_1_63' title='bbox 543 811 719 865; x_wconf 88' lang='lat' dir='ltr'>Regum</span> <span class='ocrx_word' id='word_1_64' title='bbox 761 809 829 860; x_wconf 62' lang='lat' dir='ltr'>24ss</span> <span class='ocrx_word' id='word_1_65' title='bbox 907 810 1022 851; x_wconf 88' lang='lat' dir='ltr'><strong>Item</strong></span> <span class='ocrx_word' id='word_1_66' title='bbox 1057 808 1151 862; x_wconf 89' lang='lat' dir='ltr'>jam</span> <span class='ocrx_word' id='word_1_67' title='bbox 1193 808 1333 849; x_wconf 87' lang='lat' dir='ltr'>curati</span> <span class='ocrx_word' id='word_1_68' title='bbox 1372 807 1539 849; x_wconf 88' lang='lat' dir='ltr'>habent</span> <span class='ocrx_word' id='word_1_69' title='bbox 1579 807 1623 847; x_wconf 89' lang='lat' dir='ltr'>in</span> <span class='ocrx_word' id='word_1_70' title='bbox 1659 806 1881 848; x_wconf 88' lang='lat' dir='ltr'>mandatis</span> <span class='ocrx_word' id='word_1_71' title='bbox 1921 806 1965 848; x_wconf 91' lang='lat' dir='ltr'>in</span> 
     </span>
     <span class='ocr_line' id='line_1_8' title="bbox 162 886 1967 944; baseline -0.002 -12"><span class='ocrx_word' id='word_1_72' title='bbox 162 905 251 933; x_wconf 90' lang='lat' dir='ltr'>una</span> <span class='ocrx_word' id='word_1_73' title='bbox 289 891 452 933; x_wconf 89' lang='lat' dir='ltr'>diocesi</span> <span class='ocrx_word' id='word_1_74' title='bbox 496 890 629 933; x_wconf 90' lang='lat' dir='ltr'>michi</span> <span class='ocrx_word' id='word_1_75' title='bbox 664 896 781 941; x_wconf 90' lang='lat' dir='ltr'>nota,</span> <span class='ocrx_word' id='word_1_76' title='bbox 812 890 931 944; x_wconf 92' lang='lat' dir='ltr'>quod</span> <span class='ocrx_word' id='word_1_77' title='bbox 968 889 1135 929; x_wconf 90' lang='lat' dir='ltr'>nullum</span> <span class='ocrx_word' id='word_1_78' title='bbox 1171 887 1403 929; x_wconf 87' lang='lat' dir='ltr'><strong>absolvant</strong></span> <span class='ocrx_word' id='word_1_79' title='bbox 1447 888 1504 929; x_wconf 94' lang='lat' dir='ltr'>de</span> <span class='ocrx_word' id='word_1_80' title='bbox 1543 900 1623 928; x_wconf 89' lang='lat' dir='ltr'>sua</span> <span class='ocrx_word' id='word_1_81' title='bbox 1662 886 1869 941; x_wconf 90' lang='lat' dir='ltr'>parochia</span> <span class='ocrx_word' id='word_1_82' title='bbox 1909 887 1967 928; x_wconf 91' lang='lat' dir='ltr'>de</span> 
     </span>
     <span class='ocr_line' id='line_1_9' title="bbox 161 967 1965 1021; baseline -0.003 -8"><span class='ocrx_word' id='word_1_83' title='bbox 161 985 279 1013; x_wconf 88' lang='lat' dir='ltr'>anno</span> <span class='ocrx_word' id='word_1_84' title='bbox 326 972 370 1013; x_wconf 90' lang='lat' dir='ltr'>in</span> <span class='ocrx_word' id='word_1_85' title='bbox 420 984 584 1012; x_wconf 87' lang='lat' dir='ltr'>annum</span> <span class='ocrx_word' id='word_1_86' title='bbox 631 970 714 1012; x_wconf 91' lang='lat' dir='ltr'>nisi</span> <span class='ocrx_word' id='word_1_87' title='bbox 758 970 933 1011; x_wconf 86' lang='lat' dir='ltr'>solvant</span> <span class='ocrx_word' id='word_1_88' title='bbox 982 975 1088 1010; x_wconf 92' lang='lat' dir='ltr'>ante</span> <span class='ocrx_word' id='word_1_89' title='bbox 1135 968 1464 1010; x_wconf 86' lang='lat' dir='ltr'>absolucionem</span> <span class='ocrx_word' id='word_1_90' title='bbox 1510 973 1683 1009; x_wconf 88' lang='lat' dir='ltr'>tantam</span> <span class='ocrx_word' id='word_1_91' title='bbox 1733 967 1965 1021; x_wconf 90' lang='lat' dir='ltr'>pecuniam</span> 
     </span>
     <span class='ocr_line' id='line_1_10' title="bbox 162 1047 1967 1106; baseline -0.003 -13"><span class='ocrx_word' id='word_1_92' title='bbox 162 1058 376 1106; x_wconf 87' lang='lat' dir='ltr'>quantam</span> <span class='ocrx_word' id='word_1_93' title='bbox 411 1050 609 1105; x_wconf 87' lang='lat' dir='ltr'>praedicti</span> <span class='ocrx_word' id='word_1_94' title='bbox 643 1050 837 1092; x_wconf 86' lang='lat' dir='ltr'>officiarii</span> <span class='ocrx_word' id='word_1_95' title='bbox 873 1049 1068 1104; x_wconf 88' lang='lat' dir='ltr'>episcopi</span> <span class='ocrx_word' id='word_1_96' title='bbox 1109 1048 1367 1103; x_wconf 85' lang='lat' dir='ltr'>praecipiunt</span> <span class='ocrx_word' id='word_1_97' title='bbox 1407 1048 1572 1091; x_wconf 87' lang='lat' dir='ltr'>curatis</span> <span class='ocrx_word' id='word_1_98' title='bbox 1607 1047 1838 1101; x_wconf 87' lang='lat' dir='ltr'>injungere</span> <span class='ocrx_word' id='word_1_99' title='bbox 1877 1048 1967 1089; x_wconf 87' lang='lat' dir='ltr'>suis</span> 
     </span>
     <span class='ocr_line' id='line_1_11' title="bbox 94 1127 1965 1186; baseline -0.003 -13"><span class='ocrx_word' id='word_1_100' title='bbox 94 1155 97 1158; x_wconf 59' lang='lat'><strong>&gt;</strong></span> <span class='ocrx_word' id='word_1_101' title='bbox 163 1131 448 1186; x_wconf 87' lang='lat' dir='ltr'>parochianis,</span> <span class='ocrx_word' id='word_1_102' title='bbox 496 1137 541 1172; x_wconf 93' lang='lat' dir='ltr'>et</span> <span class='ocrx_word' id='word_1_103' title='bbox 585 1131 738 1172; x_wconf 88' lang='lat' dir='ltr'>dicunt</span> <span class='ocrx_word' id='word_1_104' title='bbox 785 1131 905 1184; x_wconf 92' lang='lat' dir='ltr'>quod</span> <span class='ocrx_word' id='word_1_105' title='bbox 950 1129 1025 1170; x_wconf 90' lang='lat' dir='ltr'>illa</span> <span class='ocrx_word' id='word_1_106' title='bbox 1070 1142 1246 1171; x_wconf 88' lang='lat' dir='ltr'>summa</span> <span class='ocrx_word' id='word_1_107' title='bbox 1288 1128 1491 1170; x_wconf 87' lang='lat' dir='ltr'>transibit</span> <span class='ocrx_word' id='word_1_108' title='bbox 1535 1129 1592 1170; x_wconf 87' lang='lat' dir='ltr'>ad</span> <span class='ocrx_word' id='word_1_109' title='bbox 1638 1127 1965 1182; x_wconf 88' lang='lat' dir='ltr'>reparacionem</span> 
     </span>
     <span class='ocr_line' id='line_1_12' title="bbox 165 1208 1968 1265; baseline -0.002 -12"><span class='ocrx_word' id='word_1_110' title='bbox 165 1211 360 1253; x_wconf 83' lang='lat' dir='ltr'>ecclesiae</span> <span class='ocrx_word' id='word_1_111' title='bbox 393 1210 669 1262; x_wconf 87' lang='lat' dir='ltr'>cathedralis,</span> <span class='ocrx_word' id='word_1_112' title='bbox 699 1225 799 1265; x_wconf 83' lang='lat' dir='ltr'>quae</span> <span class='ocrx_word' id='word_1_113' title='bbox 836 1217 903 1251; x_wconf 91' lang='lat' dir='ltr'>est</span> <span class='ocrx_word' id='word_1_114' title='bbox 937 1209 1068 1251; x_wconf 90' lang='lat' dir='ltr'>valde</span> <span class='ocrx_word' id='word_1_115' title='bbox 1097 1209 1254 1251; x_wconf 87' lang='lat' dir='ltr'>dotata</span> <span class='ocrx_word' id='word_1_116' title='bbox 1287 1209 1415 1251; x_wconf 90' lang='lat' dir='ltr'>bonis</span> <span class='ocrx_word' id='word_1_117' title='bbox 1450 1208 1632 1251; x_wconf 88' lang='lat' dir='ltr'>terrenis</span> <span class='ocrx_word' id='word_1_118' title='bbox 1665 1208 1778 1250; x_wconf 92' lang='lat' dir='ltr'>inter</span> <span class='ocrx_word' id='word_1_119' title='bbox 1813 1221 1968 1250; x_wconf 90' lang='lat' dir='ltr'>omnes</span> 
     </span>
     <span class='ocr_line' id='line_1_13' title="bbox 163 1288 1966 1346; baseline -0.002 -13"><span class='ocrx_word' id='word_1_120' title='bbox 163 1291 367 1334; x_wconf 87' lang='lat' dir='ltr'>ecclesias</span> <span class='ocrx_word' id='word_1_121' title='bbox 391 1291 525 1345; x_wconf 88' lang='lat' dir='ltr'>regni,</span> <span class='ocrx_word' id='word_1_122' title='bbox 547 1298 593 1333; x_wconf 90' lang='lat' dir='ltr'>et</span> <span class='ocrx_word' id='word_1_123' title='bbox 624 1296 866 1346; x_wconf 89' lang='lat' dir='ltr'>posuerunt</span> <span class='ocrx_word' id='word_1_124' title='bbox 892 1291 949 1331; x_wconf 94' lang='lat' dir='ltr'>ad</span> <span class='ocrx_word' id='word_1_125' title='bbox 980 1289 1154 1331; x_wconf 85' lang='lat' dir='ltr'>firmam</span> <span class='ocrx_word' id='word_1_126' title='bbox 1184 1303 1543 1344; x_wconf 89' lang='lat' dir='ltr'>unamquamque</span> <span class='ocrx_word' id='word_1_127' title='bbox 1573 1288 1854 1331; x_wconf 88' lang='lat' dir='ltr'>ecclesiarum</span> <span class='ocrx_word' id='word_1_128' title='bbox 1884 1302 1966 1342; x_wconf 90' lang='lat' dir='ltr'>pro</span> 
     </span>
     <span class='ocr_line' id='line_1_14' title="bbox 159 1368 1967 1426; baseline -0.002 -14"><span class='ocrx_word' id='word_1_129' title='bbox 159 1370 237 1412; x_wconf 92' lang='lat' dir='ltr'>illa</span> <span class='ocrx_word' id='word_1_130' title='bbox 271 1371 467 1426; x_wconf 88' lang='lat' dir='ltr'>pecunia,</span> <span class='ocrx_word' id='word_1_131' title='bbox 504 1378 550 1413; x_wconf 93' lang='lat' dir='ltr'>et</span> <span class='ocrx_word' id='word_1_132' title='bbox 585 1378 761 1413; x_wconf 89' lang='lat' dir='ltr'>curatus</span> <span class='ocrx_word' id='word_1_133' title='bbox 798 1371 871 1425; x_wconf 89' lang='lat' dir='ltr'>qui</span> <span class='ocrx_word' id='word_1_134' title='bbox 904 1370 1076 1424; x_wconf 89' lang='lat' dir='ltr'>accepit</span> <span class='ocrx_word' id='word_1_135' title='bbox 1107 1370 1165 1411; x_wconf 88' lang='lat' dir='ltr'>ad</span> <span class='ocrx_word' id='word_1_136' title='bbox 1198 1369 1372 1411; x_wconf 90' lang='lat' dir='ltr'>firmam</span> <span class='ocrx_word' id='word_1_137' title='bbox 1407 1383 1540 1411; x_wconf 88' lang='lat' dir='ltr'>unam</span> <span class='ocrx_word' id='word_1_138' title='bbox 1575 1368 1805 1411; x_wconf 87' lang='lat' dir='ltr'>ecclesiam</span> <span class='ocrx_word' id='word_1_139' title='bbox 1837 1382 1967 1423; x_wconf 89' lang='lat' dir='ltr'>paro-</span> 
     </span>
     <span class='ocr_line' id='line_1_15' title="bbox 162 1449 1964 1505; baseline -0.002 -12"><span class='ocrx_word' id='word_1_140' title='bbox 162 1451 349 1493; x_wconf 86' lang='lat' dir='ltr'>chialem</span> <span class='ocrx_word' id='word_1_141' title='bbox 389 1465 470 1505; x_wconf 92' lang='lat' dir='ltr'>pro</span> <span class='ocrx_word' id='word_1_142' title='bbox 509 1465 596 1492; x_wconf 89' lang='lat' dir='ltr'>uno</span> <span class='ocrx_word' id='word_1_143' title='bbox 641 1451 776 1492; x_wconf 91' lang='lat' dir='ltr'>nobili</span> <span class='ocrx_word' id='word_1_144' title='bbox 818 1450 1031 1492; x_wconf 90' lang='lat' dir='ltr'>solvendo</span> <span class='ocrx_word' id='word_1_145' title='bbox 1071 1450 1267 1492; x_wconf 68' lang='lat' dir='ltr'>ecclesiae</span> <span class='ocrx_word' id='word_1_146' title='bbox 1307 1450 1548 1491; x_wconf 88' lang='lat' dir='ltr'>cathedrali</span> <span class='ocrx_word' id='word_1_147' title='bbox 1589 1449 1788 1504; x_wconf 90' lang='lat' dir='ltr'>quolibet</span> <span class='ocrx_word' id='word_1_148' title='bbox 1831 1463 1964 1498; x_wconf 90' lang='lat' dir='ltr'>anno,</span> 
     </span>
     <span class='ocr_line' id='line_1_16' title="bbox 162 1530 1965 1585; baseline -0.001 -13"><span class='ocrx_word' id='word_1_149' title='bbox 162 1532 226 1573; x_wconf 92' lang='lat' dir='ltr'>ita</span> <span class='ocrx_word' id='word_1_150' title='bbox 256 1531 444 1585; x_wconf 89' lang='lat' dir='ltr'>injungit</span> <span class='ocrx_word' id='word_1_151' title='bbox 476 1531 519 1572; x_wconf 91' lang='lat' dir='ltr'>in</span> <span class='ocrx_word' id='word_1_152' title='bbox 549 1531 821 1573; x_wconf 86' lang='lat' dir='ltr'>confessione</span> <span class='ocrx_word' id='word_1_153' title='bbox 855 1530 1220 1584; x_wconf 87' lang='lat' dir='ltr'>parochianorum</span> <span class='ocrx_word' id='word_1_154' title='bbox 1253 1544 1432 1571; x_wconf 90' lang='lat' dir='ltr'>suorum</span> <span class='ocrx_word' id='word_1_155' title='bbox 1463 1543 1638 1585; x_wconf 86' lang='lat' dir='ltr'>paenam</span> <span class='ocrx_word' id='word_1_156' title='bbox 1668 1530 1965 1584; x_wconf 89' lang='lat' dir='ltr'>pecuniariam</span> 
     </span>
     <span class='ocr_line' id='line_1_17' title="bbox 162 1610 1966 1666; baseline -0.001 -13"><span class='ocrx_word' id='word_1_157' title='bbox 162 1612 267 1666; x_wconf 88' lang='lat' dir='ltr'>quia</span> <span class='ocrx_word' id='word_1_158' title='bbox 315 1611 486 1665; x_wconf 89' lang='lat' dir='ltr'>accepit</span> <span class='ocrx_word' id='word_1_159' title='bbox 535 1625 593 1653; x_wconf 85' lang='lat' dir='ltr'>xc</span> <span class='ocrx_word' id='word_1_160' title='bbox 642 1611 808 1653; x_wconf 91' lang='lat' dir='ltr'>solidos</span> <span class='ocrx_word' id='word_1_161' title='bbox 853 1611 911 1652; x_wconf 94' lang='lat' dir='ltr'>ab</span> <span class='ocrx_word' id='word_1_162' title='bbox 956 1611 1123 1652; x_wconf 87' lang='lat' dir='ltr'>eisdem</span> <span class='ocrx_word' id='word_1_163' title='bbox 1172 1611 1256 1652; x_wconf 92' lang='lat' dir='ltr'>sub</span> <span class='ocrx_word' id='word_1_164' title='bbox 1306 1610 1451 1652; x_wconf 93' lang='lat' dir='ltr'>colore</span> <span class='ocrx_word' id='word_1_165' title='bbox 1494 1610 1694 1665; x_wconf 83' lang='lat' dir='ltr'>pecuniae</span> <span class='ocrx_word' id='word_1_166' title='bbox 1742 1610 1966 1652; x_wconf 86' lang='lat' dir='ltr'>solvendae</span> 
     </span>
     <span class='ocr_line' id='line_1_18' title="bbox 162 1690 1964 1744; baseline -0.001 -11"><span class='ocrx_word' id='word_1_167' title='bbox 162 1691 349 1733; x_wconf 81' lang='lat' dir='ltr'>aedificio</span> <span class='ocrx_word' id='word_1_168' title='bbox 380 1697 425 1733; x_wconf 93' lang='lat' dir='ltr'>et</span> <span class='ocrx_word' id='word_1_169' title='bbox 455 1692 707 1733; x_wconf 86' lang='lat' dir='ltr'>necessariis</span> <span class='ocrx_word' id='word_1_170' title='bbox 735 1691 929 1733; x_wconf 74' lang='lat' dir='ltr'>ecclesiae</span> <span class='ocrx_word' id='word_1_171' title='bbox 960 1690 1154 1732; x_wconf 89' lang='lat' dir='ltr'>matricis</span> <span class='ocrx_word' id='word_1_172' title='bbox 1183 1691 1382 1744; x_wconf 92' lang='lat' dir='ltr'>quolibet</span> <span class='ocrx_word' id='word_1_173' title='bbox 1413 1705 1541 1739; x_wconf 89' lang='lat' dir='ltr'>anno,</span> <span class='ocrx_word' id='word_1_174' title='bbox 1573 1697 1619 1734; x_wconf 91' lang='lat' dir='ltr'>et</span> <span class='ocrx_word' id='word_1_175' title='bbox 1648 1690 1765 1732; x_wconf 89' lang='lat' dir='ltr'>istud</span> <span class='ocrx_word' id='word_1_176' title='bbox 1798 1690 1964 1732; x_wconf 89' lang='lat' dir='ltr'>malum</span> 
     </span>
     <span class='ocr_line' id='line_1_19' title="bbox 162 1771 1228 1826; baseline -0.001 -13"><span class='ocrx_word' id='word_1_177' title='bbox 162 1771 326 1826; x_wconf 87' lang='lat' dir='ltr'>incepit</span> <span class='ocrx_word' id='word_1_178' title='bbox 357 1772 470 1814; x_wconf 89' lang='lat' dir='ltr'>circa</span> <span class='ocrx_word' id='word_1_179' title='bbox 501 1785 665 1813; x_wconf 89' lang='lat' dir='ltr'>annum</span> <span class='ocrx_word' id='word_1_180' title='bbox 698 1771 865 1813; x_wconf 91' lang='lat' dir='ltr'>domini</span> <span class='ocrx_word' id='word_1_181' title='bbox 900 1777 975 1812; x_wconf 86' lang='lat' dir='ltr'>m¹¹¹</span> <span class='ocrx_word' id='word_1_182' title='bbox 1006 1777 1134 1813; x_wconf 85' lang='lat' dir='ltr'>cccc¹¹¹</span> <span class='ocrx_word' id='word_1_183' title='bbox 1166 1771 1228 1812; x_wconf 88' lang='lat' dir='ltr'>xl.</span> 
     </span>
    </p>

    <p class='ocr_par' dir='ltr' id='par_1_3' title="bbox 136 1850 1967 2548">
     <span class='ocr_line' id='line_1_20' title="bbox 279 1850 1965 1906; baseline 0 -14"><span class='ocrx_word' id='word_1_184' title='bbox 279 1858 334 1901; x_wconf 89' lang='lat' dir='ltr'>[p.</span> <span class='ocrx_word' id='word_1_185' title='bbox 370 1857 456 1902; x_wconf 69' lang='lat'>165]</span> <span class='ocrx_word' id='word_1_186' title='bbox 505 1856 711 1894; x_wconf 71' lang='lat' dir='ltr'>castitas.</span> <span class='ocrx_word' id='word_1_187' title='bbox 794 1851 970 1892; x_wconf 89' lang='lat' dir='ltr'>Nobilis</span> <span class='ocrx_word' id='word_1_188' title='bbox 1020 1852 1244 1892; x_wconf 84' lang='lat' dir='ltr'>memoriae</span> <span class='ocrx_word' id='word_1_189' title='bbox 1294 1852 1451 1893; x_wconf 92' lang='lat' dir='ltr'>doctor</span> <span class='ocrx_word' id='word_1_190' title='bbox 1500 1851 1716 1906; x_wconf 87' lang='lat' dir='ltr'>Magister</span> <span class='ocrx_word' id='word_1_191' title='bbox 1765 1850 1965 1892; x_wconf 89' lang='lat' dir='ltr'>Thomas</span> 
     </span>
     <span class='ocr_line' id='line_1_21' title="bbox 163 1930 1966 1985; baseline 0 -13"><span class='ocrx_word' id='word_1_192' title='bbox 163 1930 365 1982; x_wconf 88' lang='lat' dir='ltr'>Walden,</span> <span class='ocrx_word' id='word_1_193' title='bbox 405 1931 514 1973; x_wconf 89' lang='lat' dir='ltr'>alias</span> <span class='ocrx_word' id='word_1_194' title='bbox 555 1931 727 1980; x_wconf 89' lang='lat' dir='ltr'>Nettar‚</span> <span class='ocrx_word' id='word_1_195' title='bbox 769 1945 904 1973; x_wconf 85' lang='lat' dir='ltr'>sacrae</span> <span class='ocrx_word' id='word_1_196' title='bbox 943 1931 1200 1985; x_wconf 85' lang='lat' dir='ltr'>Theologiae</span> <span class='ocrx_word' id='word_1_197' title='bbox 1239 1931 1395 1973; x_wconf 91' lang='lat' dir='ltr'>doctor</span> <span class='ocrx_word' id='word_1_198' title='bbox 1435 1931 1705 1974; x_wconf 87' lang='lat' dir='ltr'>Oxoniensis</span> <span class='ocrx_word' id='word_1_199' title='bbox 1745 1938 1791 1973; x_wconf 89' lang='lat' dir='ltr'>et</span> <span class='ocrx_word' id='word_1_200' title='bbox 1831 1931 1966 1973; x_wconf 86' lang='lat' dir='ltr'>frater</span> 
     </span>
     <span class='ocr_line' id='line_1_22' title="bbox 157 2009 1967 2066; baseline -0.001 -14"><span class='ocrx_word' id='word_1_201' title='bbox 157 2009 586 2063; x_wconf 62' lang='lat' dir='ltr'>⁴Carmelita,—obiit</span> <span class='ocrx_word' id='word_1_202' title='bbox 627 2012 671 2053; x_wconf 91' lang='lat' dir='ltr'>in</span> <span class='ocrx_word' id='word_1_203' title='bbox 708 2012 903 2054; x_wconf 90' lang='lat' dir='ltr'>Domino</span> <span class='ocrx_word' id='word_1_204' title='bbox 944 2012 986 2052; x_wconf 92' lang='lat' dir='ltr'>in</span> <span class='ocrx_word' id='word_1_205' title='bbox 1029 2011 1206 2053; x_wconf 89' lang='lat' dir='ltr'>civitate</span> <span class='ocrx_word' id='word_1_206' title='bbox 1243 2011 1574 2066; x_wconf 73' lang='lat' dir='ltr'>Rotomagensi,</span> <span class='ocrx_word' id='word_1_207' title='bbox 1612 2012 1807 2054; x_wconf 86' lang='lat' dir='ltr'>existens</span> <span class='ocrx_word' id='word_1_208' title='bbox 1847 2012 1967 2065; x_wconf 92' lang='lat' dir='ltr'>prius</span> 
     </span>
     <span class='ocr_line' id='line_1_23' title="bbox 136 2090 1964 2147; baseline 0.001 -16"><span class='ocrx_word' id='word_1_209' title='bbox 136 2090 385 2132; x_wconf 66' lang='lat' dir='ltr'>—confoesor</span> <span class='ocrx_word' id='word_1_210' title='bbox 414 2091 595 2133; x_wconf 92' lang='lat' dir='ltr'>Henrici</span> <span class='ocrx_word' id='word_1_211' title='bbox 625 2092 766 2146; x_wconf 86' lang='lat' dir='ltr'>quinti</span> <span class='ocrx_word' id='word_1_212' title='bbox 797 2099 842 2133; x_wconf 90' lang='lat' dir='ltr'>et</span> <span class='ocrx_word' id='word_1_213' title='bbox 872 2099 1028 2146; x_wconf 89' lang='lat' dir='ltr'>postea</span> <span class='ocrx_word' id='word_1_214' title='bbox 1057 2091 1240 2133; x_wconf 90' lang='lat' dir='ltr'>Henrici</span> <span class='ocrx_word' id='word_1_215' title='bbox 1270 2093 1388 2134; x_wconf 84' lang='lat' dir='ltr'>sexti</span> <span class='ocrx_word' id='word_1_216' title='bbox 1420 2105 1572 2146; x_wconf 88' lang='lat' dir='ltr'>regum</span> <span class='ocrx_word' id='word_1_217' title='bbox 1597 2092 1820 2147; x_wconf 85' lang='lat' dir='ltr'>Angliae;</span> <span class='ocrx_word' id='word_1_218' title='bbox 1851 2091 1964 2133; x_wconf 90' lang='lat' dir='ltr'>sole-</span> 
     </span>
     <span class='ocr_line' id='line_1_24' title="bbox 165 2170 1964 2226; baseline 0.001 -15"><span class='ocrx_word' id='word_1_219' title='bbox 165 2170 276 2211; x_wconf 90' lang='lat' dir='ltr'>bant</span> <span class='ocrx_word' id='word_1_220' title='bbox 296 2171 413 2211; x_wconf 87' lang='lat' dir='ltr'>enim</span> <span class='ocrx_word' id='word_1_221' title='bbox 433 2185 557 2226; x_wconf 80' lang='lat' dir='ltr'>reges</span> <span class='ocrx_word' id='word_1_222' title='bbox 577 2170 756 2225; x_wconf 84' lang='lat' dir='ltr'>Angliae</span> <span class='ocrx_word' id='word_1_223' title='bbox 776 2172 939 2214; x_wconf 89' lang='lat' dir='ltr'>habere</span> <span class='ocrx_word' id='word_1_224' title='bbox 961 2173 1005 2212; x_wconf 88' lang='lat' dir='ltr'>in</span> <span class='ocrx_word' id='word_1_225' title='bbox 1032 2185 1135 2213; x_wconf 90' lang='lat' dir='ltr'>suos</span> <span class='ocrx_word' id='word_1_226' title='bbox 1163 2171 1432 2214; x_wconf 86' lang='lat' dir='ltr'>confessores</span> <span class='ocrx_word' id='word_1_227' title='bbox 1451 2173 1593 2214; x_wconf 91' lang='lat' dir='ltr'>bonos</span> <span class='ocrx_word' id='word_1_228' title='bbox 1612 2173 1816 2215; x_wconf 89' lang='lat' dir='ltr'>doctores</span> <span class='ocrx_word' id='word_1_229' title='bbox 1838 2171 1964 2212; x_wconf 92' lang='lat' dir='ltr'>theo-</span> 
     </span>
     <span class='ocr_line' id='line_1_25' title="bbox 167 2250 1965 2307; baseline 0.001 -17"><span class='ocrx_word' id='word_1_230' title='bbox 167 2250 305 2303; x_wconf 87' lang='lat' dir='ltr'>logos,</span> <span class='ocrx_word' id='word_1_231' title='bbox 325 2263 414 2291; x_wconf 92' lang='lat' dir='ltr'>non</span> <span class='ocrx_word' id='word_1_232' title='bbox 438 2252 680 2306; x_wconf 63' lang='lat' dir='ltr'>episcopos</span> <span class='ocrx_word' id='word_1_233' title='bbox 743 2252 962 2294; x_wconf 89' lang='lat' dir='ltr'>Henricus</span> <span class='ocrx_word' id='word_1_234' title='bbox 993 2252 1110 2293; x_wconf 90' lang='lat' dir='ltr'>enim</span> <span class='ocrx_word' id='word_1_235' title='bbox 1138 2257 1294 2293; x_wconf 86' lang='lat' dir='ltr'>sextus</span> <span class='ocrx_word' id='word_1_236' title='bbox 1321 2252 1404 2295; x_wconf 82' lang='lat' dir='ltr'>fuit</span> <span class='ocrx_word' id='word_1_237' title='bbox 1430 2253 1597 2307; x_wconf 87' lang='lat' dir='ltr'>primus</span> <span class='ocrx_word' id='word_1_238' title='bbox 1625 2266 1703 2294; x_wconf 83' lang='lat' dir='ltr'>rex</span> <span class='ocrx_word' id='word_1_239' title='bbox 1732 2253 1776 2293; x_wconf 90' lang='lat' dir='ltr'>in</span> <span class='ocrx_word' id='word_1_240' title='bbox 1798 2252 1965 2304; x_wconf 87' lang='lat' dir='ltr'>Anglia</span> 
     </span>
     <span class='ocr_line' id='line_1_26' title="bbox 167 2328 1965 2386; baseline 0.002 -17"><span class='ocrx_word' id='word_1_241' title='bbox 167 2329 243 2383; x_wconf 92' lang='lat' dir='ltr'>qui</span> <span class='ocrx_word' id='word_1_242' title='bbox 267 2328 423 2372; x_wconf 90' lang='lat' dir='ltr'>habuit</span> <span class='ocrx_word' id='word_1_243' title='bbox 449 2331 703 2386; x_wconf 88' lang='lat' dir='ltr'>episcopum</span> <span class='ocrx_word' id='word_1_244' title='bbox 730 2333 936 2374; x_wconf 88' lang='lat' dir='ltr'>continue</span> <span class='ocrx_word' id='word_1_245' title='bbox 963 2345 1113 2374; x_wconf 87' lang='lat' dir='ltr'>secum</span> <span class='ocrx_word' id='word_1_246' title='bbox 1142 2339 1394 2374; x_wconf 89' lang='lat' dir='ltr'>manentem</span> <span class='ocrx_word' id='word_1_247' title='bbox 1424 2333 1468 2374; x_wconf 91' lang='lat' dir='ltr'>in</span> <span class='ocrx_word' id='word_1_248' title='bbox 1499 2347 1626 2375; x_wconf 90' lang='lat' dir='ltr'>suum</span> <span class='ocrx_word' id='word_1_249' title='bbox 1659 2332 1965 2382; x_wconf 89' lang='lat' dir='ltr'>confessorem,</span> 
     </span>
     <span class='ocr_line' id='line_1_27' title="bbox 159 2408 1966 2470; baseline 0.001 -20"><span class='ocrx_word' id='word_1_250' title='bbox 159 2409 425 2463; x_wconf 27' lang='lat' dir='ltr'>:episcopum</span> <span class='ocrx_word' id='word_1_251' title='bbox 456 2408 614 2452; x_wconf 87' lang='lat' dir='ltr'>Sarum</span> <span class='ocrx_word' id='word_1_252' title='bbox 638 2410 886 2454; x_wconf 87' lang='lat' dir='ltr'>Willelmus</span> <span class='ocrx_word' id='word_1_253' title='bbox 919 2412 1120 2470; x_wconf 79' lang='lat' dir='ltr'>Hachke,</span> <span class='ocrx_word' id='word_1_254' title='bbox 1145 2411 1221 2466; x_wconf 90' lang='lat' dir='ltr'>qui</span> <span class='ocrx_word' id='word_1_255' title='bbox 1248 2426 1276 2454; x_wconf 90' lang='lat' dir='ltr'>a</span> <span class='ocrx_word' id='word_1_256' title='bbox 1304 2414 1393 2454; x_wconf 90' lang='lat' dir='ltr'>suis</span> <span class='ocrx_word' id='word_1_257' title='bbox 1417 2414 1661 2455; x_wconf 86' lang='lat' dir='ltr'>diocesanis</span> <span class='ocrx_word' id='word_1_258' title='bbox 1686 2412 1853 2453; x_wconf 87' lang='lat' dir='ltr'>occisus</span> <span class='ocrx_word' id='word_1_259' title='bbox 1883 2412 1966 2453; x_wconf 85' lang='lat' dir='ltr'>fuit</span> 
     </span>
     <span class='ocr_line' id='line_1_28' title="bbox 169 2488 1779 2548; baseline 0.002 -18"><span class='ocrx_word' id='word_1_260' title='bbox 169 2502 284 2530; x_wconf 90' lang='lat' dir='ltr'>anno</span> <span class='ocrx_word' id='word_1_261' title='bbox 306 2488 387 2530; x_wconf 91' lang='lat' dir='ltr'>Xti</span> <span class='ocrx_word' id='word_1_262' title='bbox 412 2498 533 2541; x_wconf 87' lang='lat'>1450,</span> <span class='ocrx_word' id='word_1_263' title='bbox 553 2503 606 2531; x_wconf 88' lang='lat' dir='ltr'>eo</span> <span class='ocrx_word' id='word_1_264' title='bbox 626 2493 745 2544; x_wconf 93' lang='lat' dir='ltr'>quod</span> <span class='ocrx_word' id='word_1_265' title='bbox 766 2506 856 2534; x_wconf 92' lang='lat' dir='ltr'>non</span> <span class='ocrx_word' id='word_1_266' title='bbox 877 2493 1097 2534; x_wconf 89' lang='lat' dir='ltr'>residebat</span> <span class='ocrx_word' id='word_1_267' title='bbox 1118 2494 1162 2533; x_wconf 89' lang='lat' dir='ltr'>in</span> <span class='ocrx_word' id='word_1_268' title='bbox 1183 2493 1450 2548; x_wconf 83' lang='lat' dir='ltr'>episcopatu,</span> <span class='ocrx_word' id='word_1_269' title='bbox 1471 2501 1520 2535; x_wconf 91' lang='lat' dir='ltr'>ut</span> <span class='ocrx_word' id='word_1_270' title='bbox 1541 2494 1779 2535; x_wconf 88' lang='lat' dir='ltr'>dicebatur.</span> 
     </span>
    </p>

    <p class='ocr_par' dir='ltr' id='par_1_4' title="bbox 170 2571 1965 2780">
     <span class='ocr_line' id='line_1_29' title="bbox 284 2571 1965 2617; baseline 0.002 -9"><span class='ocrx_word' id='word_1_271' title='bbox 284 2574 329 2617; x_wconf 88' lang='lat' dir='ltr'>[p.</span> <span class='ocrx_word' id='word_1_272' title='bbox 364 2573 455 2616; x_wconf 83' lang='lat'>203]</span> <span class='ocrx_word' id='word_1_273' title='bbox 514 2574 681 2612; x_wconf 76' lang='lat' dir='ltr'>contra</span> <span class='ocrx_word' id='word_1_274' title='bbox 723 2577 890 2614; x_wconf 79' lang='lat' dir='ltr'>caudas</span> <span class='ocrx_word' id='word_1_275' title='bbox 933 2577 1220 2614; x_wconf 74' lang='lat' dir='ltr'>dominarum</span> <span class='ocrx_word' id='word_1_276' title='bbox 1232 2572 1261 2614; x_wconf 87' lang='lat'>¹.</span> <span class='ocrx_word' id='word_1_277' title='bbox 1322 2574 1438 2615; x_wconf 91' lang='lat' dir='ltr'>Item</span> <span class='ocrx_word' id='word_1_278' title='bbox 1479 2573 1590 2615; x_wconf 88' lang='lat' dir='ltr'>tales</span> <span class='ocrx_word' id='word_1_279' title='bbox 1631 2572 1794 2613; x_wconf 87' lang='lat' dir='ltr'>caudas</span> <span class='ocrx_word' id='word_1_280' title='bbox 1833 2571 1965 2612; x_wconf 86' lang='lat' dir='ltr'>relin-</span> 
     </span>
     <span class='ocr_line' id='line_1_30' title="bbox 170 2647 1965 2705; baseline 0.003 -18"><span class='ocrx_word' id='word_1_281' title='bbox 170 2654 354 2702; x_wconf 87' lang='lat' dir='ltr'>querent</span> <span class='ocrx_word' id='word_1_282' title='bbox 389 2647 592 2697; x_wconf 86' lang='lat' dir='ltr'>dominae,</span> <span class='ocrx_word' id='word_1_283' title='bbox 629 2655 678 2690; x_wconf 93' lang='lat' dir='ltr'>ut</span> <span class='ocrx_word' id='word_1_284' title='bbox 712 2651 879 2704; x_wconf 88' lang='lat' dir='ltr'>priores</span> <span class='ocrx_word' id='word_1_285' title='bbox 913 2659 1088 2694; x_wconf 89' lang='lat' dir='ltr'>sanctas</span> <span class='ocrx_word' id='word_1_286' title='bbox 1125 2653 1327 2694; x_wconf 87' lang='lat' dir='ltr'>dominas</span> <span class='ocrx_word' id='word_1_287' title='bbox 1362 2660 1407 2695; x_wconf 91' lang='lat' dir='ltr'>et</span> <span class='ocrx_word' id='word_1_288' title='bbox 1443 2654 1542 2695; x_wconf 92' lang='lat' dir='ltr'>Deo</span> <span class='ocrx_word' id='word_1_289' title='bbox 1581 2657 1785 2705; x_wconf 86' lang='lat' dir='ltr'>acceptas</span> <span class='ocrx_word' id='word_1_290' title='bbox 1821 2651 1965 2693; x_wconf 89' lang='lat' dir='ltr'>imita-</span> 
     </span>
     <span class='ocr_line' id='line_1_31' title="bbox 170 2727 1963 2780; baseline 0.001 -10"><span class='ocrx_word' id='word_1_291' title='bbox 170 2734 330 2777; x_wconf 87' lang='lat' dir='ltr'>rentur,</span> <span class='ocrx_word' id='word_1_292' title='bbox 370 2727 445 2780; x_wconf 91' lang='lat' dir='ltr'>qui</span> <span class='ocrx_word' id='word_1_293' title='bbox 497 2727 658 2769; x_wconf 87' lang='lat' dir='ltr'>talibus</span> <span class='ocrx_word' id='word_1_294' title='bbox 707 2745 797 2772; x_wconf 81' lang='lat' dir='ltr'>usae</span> <span class='ocrx_word' id='word_1_295' title='bbox 842 2745 931 2773; x_wconf 91' lang='lat' dir='ltr'>non</span> <span class='ocrx_word' id='word_1_296' title='bbox 980 2732 1165 2774; x_wconf 77' lang='lat' dir='ltr'>fuerunt,</span> <span class='ocrx_word' id='word_1_297' title='bbox 1240 2734 1358 2775; x_wconf 84' lang='lat' dir='ltr'>Nam</span> <span class='ocrx_word' id='word_1_298' title='bbox 1409 2733 1649 2774; x_wconf 91' lang='lat' dir='ltr'>secundum</span> <span class='ocrx_word' id='word_1_299' title='bbox 1701 2730 1963 2773; x_wconf 81' lang='lat' dir='ltr'>relacionem</span> 
     </span>
    </p>
   </div>
   <div class='ocr_carea' id='block_1_3' title="bbox 323 2816 1805 2919">
    <p class='ocr_par' dir='ltr' id='par_1_5' title="bbox 323 2816 1805 2919">
     <span class='ocr_line' id='line_1_32' title="bbox 323 2816 1805 2865; baseline 0.003 -18"><span class='ocrx_word' id='word_1_300' title='bbox 323 2816 332 2834; x_wconf 88' lang='lat'>¹</span> <span class='ocrx_word' id='word_1_301' title='bbox 358 2816 427 2847; x_wconf 84' lang='lat' dir='ltr'>Ista</span> <span class='ocrx_word' id='word_1_302' title='bbox 450 2816 555 2848; x_wconf 84' lang='lat' dir='ltr'>cauda</span> <span class='ocrx_word' id='word_1_303' title='bbox 578 2828 649 2859; x_wconf 84' lang='lat' dir='ltr'>quae</span> <span class='ocrx_word' id='word_1_304' title='bbox 674 2819 814 2860; x_wconf 86' lang='lat' dir='ltr'>Anglice</span> <span class='ocrx_word' id='word_1_305' title='bbox 836 2823 970 2863; x_wconf 80' lang='lat' dir='ltr'>‘trayn&#39;</span> <span class='ocrx_word' id='word_1_306' title='bbox 995 2829 1132 2854; x_wconf 78' lang='lat' dir='ltr'>vocatur</span> <span class='ocrx_word' id='word_1_307' title='bbox 1153 2824 1231 2865; x_wconf 89' lang='lat' dir='ltr'>quia</span> <span class='ocrx_word' id='word_1_308' title='bbox 1255 2824 1402 2857; x_wconf 82' lang='lat' dir='ltr'>trahitur,</span> <span class='ocrx_word' id='word_1_309' title='bbox 1427 2827 1458 2854; x_wconf 81' lang='lat' dir='ltr'>et</span> <span class='ocrx_word' id='word_1_310' title='bbox 1481 2822 1523 2853; x_wconf 87' lang='lat' dir='ltr'>ad</span> <span class='ocrx_word' id='word_1_311' title='bbox 1547 2821 1671 2852; x_wconf 84' lang='lat' dir='ltr'>malum</span> <span class='ocrx_word' id='word_1_312' title='bbox 1697 2820 1805 2853; x_wconf 73' lang='lat' dir='ltr'>trahit.</span> 
     </span>
     <span class='ocr_line' id='line_1_33' title="bbox 1028 2888 1102 2919; baseline -0.014 0"><span class='ocrx_word' id='word_1_313' title='bbox 1028 2888 1054 2919; x_wconf 94' lang='lat' dir='ltr'>C</span> <span class='ocrx_word' id='word_1_314' title='bbox 1082 2891 1102 2918; x_wconf 81' lang='lat'>2</span> 
     </span>
    </p>
   </div>
  </div>
 </body>
</html>
