2456 3210
453 261 533 304 162
955 265 1087 301 LOCI
1119 265 1157 299 E
1197 264 1362 299 LIBRO
1411 262 1757 299 VERJTATUM.

452 410 528 463 xij,
561 417 605 452 et
638 410 791 452 Petrus
821 410 877 450 de
910 408 1051 459 Luna,
1083 408 1139 449 de
1164 407 1406 461 Aragonia‚
1440 406 1513 460 qui
1545 406 1733 448 vocabat
1765 420 1811 448 se
1842 407 2131 451 Benedictum
2162 407 2256 462 xiij,

452 491 527 545 qui
566 491 687 533 citati
720 490 906 539 fuerunt,
943 497 990 531 ut
1026 502 1173 530 coram
1208 494 1361 530 sancto
1395 493 1699 540 comparerent
1730 488 1925 539 concilio,
1953 488 2086 530 finem
2116 489 2258 543 impo-

451 572 575 613 situri
612 572 784 613 cismati
824 584 904 625 per
938 570 1055 611 viam
1093 575 1258 610 mutuae
1300 567 1522 610 cessionis.
1585 568 1688 608 Rex
1720 568 1983 623 Aragonum
2022 569 2259 612 obediebat

453 652 696 693 Benedicto
724 650 835 704 xiij⁰‚
871 656 920 691 ut
957 663 1086 704 papae
1120 663 1200 690 suo
1238 649 1397 690 Romae
1428 647 1596 699 elect03
1639 647 1853 702 Gregorio
1877 649 1962 703 xij⁰
1996 663 2125 704 papae
2155 649 2260 692 obe-

453 732 605 774 diebat
648 731 886 781 Robertus,
926 743 1072 772 comes
1116 729 1351 777 Palatinus,
1395 729 1469 783 qui
1519 728 1694 770 dicebat
1735 743 1782 770 se
1832 743 1928 771 esse
1975 730 2165 773 electum
2214 730 2258 772 in

454 813 763 866 imperatorem
799 811 1056 852 Romanum
1086 817 1232 859 antea,
1262 817 1463 863 tempore
1495 808 1706 850 Bonifacii
1739 810 1799 861 ix,
1833 816 1878 851 et
1911 824 1999 852 non
2031 810 2259 853 Wemzes-
2295 854 2305 867 „

453 893 583 943 laum,
621 905 769 946 regem
803 891 1115 942 Bohemorum,
1156 890 1231 943 qui
1263 890 1403 932 eciam
1437 889 1508 931 vel
1548 890 1787 943 imperator
1820 889 2123 933 Romanorum
2165 905 2261 933 esse

452 973 601 1024 voluit,
625 979 669 1014 et
700 972 775 1026 qui
806 986 853 1013 se
884 971 1065 1013 obedire
1097 970 1281 1013 concilio
1311 969 1472 1011 Pisano
1502 983 1580 1024 per
1609 970 1791 1011 nuncios
1821 984 1924 1012 suos
1953 972 2154 1026 promisit
2183 978 2262 1014 aut

453 1053 687 1095 simulavit.
750 1052 830 1093 Isti
870 1052 972 1100 duo,
1011 1051 1133 1093 citati
1174 1051 1231 1092 ad
1273 1050 1507 1092 concilium
1547 1048 1767 1102 Pisanum,
1809 1065 1867 1093 sc.
1914 1051 2150 1106 Gregorius
2195 1052 2258 1107 xij

454 1141 499 1176 et
524 1133 791 1175 Benedictus
812 1132 920 1186 xiijfl,
943 1132 987 1173 in
1018 1131 1204 1174 concilio
1235 1130 1311 1173 illo
1340 1144 1429 1173 non
1459 1137 1808 1184 comparuerunt,
1840 1138 1884 1174 et
1917 1132 2080 1174 ibidem
2110 1133 2156 1176 in
2186 1133 2262 1176 illo

454 1214 639 1256 concilio
671 1213 831 1255 Pisano
866 1212 1057 1266 depositi
1088 1211 1265 1254 fuerunt
1294 1226 1322 1253 a
1351 1225 1432 1265 suo
1461 1217 1639 1265 papatu,
1671 1225 1750 1265 per
1788 1214 2060 1256 sentenciam
2090 1213 2262 1257 concilii

455 1295 613 1345 Pisani,
635 1294 704 1336 cui
736 1307 824 1335 non
855 1293 1155 1344 obediebant3
1188 1298 1233 1334 et
1262 1299 1379 1343 tunc,
1410 1305 1526 1334 anno
1555 1292 1735 1333 Domini
1766 1305 1886 1348 1409,
1914 1293 2078 1338 electus
2107 1294 2188 1337 fuit
2218 1295 2264 1342 in

454 1388 629 1429 papam,
669 1387 748 1428 per
787 1373 1020 1415 concilium
1062 1373 1283 1424 Pisanum,
1330 1373 1486 1415 doctor
1525 1386 1660 1414 sacrae
1701 1372 1957 1427 Theologiae
2001 1375 2264 1421 Alexander

455 1455 644 1509 quintus,
682 1454 755 1508 qui
797 1460 902 1496 ante
943 1459 1158 1507 papatum
1194 1467 1322 1494 suum
1357 1453 1600 1495 vocabatur
1634 1451 1788 1494 Petrus
1818 1454 1876 1495 de
1908 1453 2092 1506 Candia,
2123 1456 2264 1499 cardi·

456 1535 579 1587 nalis,
630 1536 687 1576 de
737 1535 890 1576 ordine
939 1534 1125 1576 fratrum
1176 1534 1407 1585 minorum,
1458 1533 1526 1575 cui
1577 1533 1844 1575 obediebant
1892 1534 2059 1587 Franci,
2111 1536 2263 1591 Angli,

457 1615 686 1666 Almanni,
731 1615 886 1663 Italici,
931 1621 975 1655 et
1024 1628 1157 1668 regna
1204 1614 1404 1669 plurima.
1476 1613 1566 1668 Qui
1613 1627 1730 1667 papa
1769 1611 2031 1657 Alexander
2072 1617 2265 1670 quintus,

455 1709 592 1750 parvo
624 1702 824 1748 ternpore
854 1695 1016 1745 vivens,
1047 1701 1149 1748 post
1181 1708 1307 1736 suam
1339 1694 1615 1744 eleccionem,
1647 1708 1763 1736 anno
1791 1694 1972 1737 Domini
1997 1708 2120 1748 1410,
2151 1698 2264 1739 inter

456 1775 568 1817 festa
603 1774 799 1816 Pascalia
830 1781 875 1816 et
912 1775 1247 1826 Pentecostalia,
1270 1775 1313 1816 in
1348 1775 1525 1817 civitate
1558 1772 1824 1816 Bononiensi
1857 1776 1993 1828 obiit3
2026 1783 2071 1819 et
2098 1778 2263 1820 electus

456 1856 538 1897 fuit
570 1855 782 1896 Bononiae
819 1862 923 1896 tunc
954 1869 1032 1908 per
1067 1855 1309 1896 cardinales
1345 1856 1390 1896 in
1420 1868 1583 1909 papam
1612 1854 1844 1898 Balthasar
1875 1855 2025 1910 Cossa,
2056 1860 2264 1903 diaconus

458 1935 702 1984 cardinalis,
735 1942 780 1976 et
809 1941 992 1976 vocatus
1019 1934 1100 1976 fuit
1130 1933 1356 1988 Johannes
1378 1947 1447 1991 23.
1507 1934 1598 1977 Iste
1624 1934 1860 1989 Johannes,
1891 1938 1948 1979 ab
1978 1940 2086 1981 urbe
2117 1939 2264 1983 Roma

457 2017 648 2072 fugatus,
680 2015 737 2057 ad
773 2014 1017 2055 Bononiam
1053 2028 1247 2056 reversus
1285 2024 1363 2066 est,
1400 2022 1446 2057 et
1481 2015 1713 2058 concilium
1745 2017 1986 2061 universale
2020 2021 2162 2063 tocius
2193 2035 2263 2064 ec-

457 2097 603 2140 clesiae
638 2096 696 2137 ad
732 2095 955 2137 civitatem
993 2093 1383 2137 Constanciensem
1419 2097 1475 2138 de
1509 2095 1691 2137 fratrum
1727 2109 1905 2139 suorum
1941 2101 2125 2143 concilio
2161 2115 2264 2144 con-

458 2177 659 2228 vocavit3
691 2175 970 2230 congregavit
1001 2181 1149 2216 autem
1180 2176 1412 2218 concilium
1443 2182 1622 2230 propter
1651 2176 1875 2219 decretum
1906 2179 2051 2223 Pisani
2081 2182 2263 2234 concilii,

460 2260 504 2300 in
536 2272 624 2313 quo
655 2257 906 2299 ordinatum
938 2255 1019 2297 fuit
1053 2257 1173 2310 quod
1205 2271 1403 2298 summus
1434 2256 1647 2311 pontifex,
1678 2271 1758 2311 pro
1788 2260 2060 2314 extirpandis
2089 2262 2263 2305 haeresi-

460 2340 555 2391 bus,
587 2338 729 2388 sectis,
763 2342 808 2378 et
839 2336 1066 2386 erroribus,
1100 2342 1144 2377 et
1177 2337 1274 2378 aliis
1309 2337 1655 2387 necessitatibus,
1681 2343 1801 2379 certo
1829 2345 2031 2395 tempore
2059 2342 2263 2396 generale

461 2420 645 2461 deberet
671 2417 904 2460 concilium
937 2416 1170 2458 celebrare.
1215 2416 1463 2459 Concilium
1491 2422 1639 2458 autem
1663 2415 2008 2463 Constanciense
2035 2423 2265 2469 convocari

462 2500 565 2542 fecit
604 2512 721 2552 papa
760 2496 986 2551 Johannes
1023 2507 1075 2551 23
1116 2510 1232 2538 anno
1274 2497 1455 2538 Domini
1499 2507 1621 2548 1414,
1662 2503 1710 2539 ut
1754 2498 1811 2540 ad
1852 2499 2013 2543 festum
2051 2501 2262 2545 Omnium

466 2579 730 2622 Sanctorum
766 2577 964 2632 ejusdem
997 2577 1100 2618 anni
1133 2590 1287 2618 omnes
1319 2576 1489 2630 praelati
1521 2582 1565 2618 et
1597 2577 1683 2627 alii,
1715 2591 1902 2632 quorum
1935 2581 2126 2634 interest,
2160 2582 2265 2624 illuc

463 2660 734 2708 accederent,
768 2664 813 2700 et
847 2657 906 2700 ad
947 2656 1079 2697 finem
1116 2657 1263 2710 ipsius,
1297 2664 1346 2698 ut
1383 2663 1450 2698 est
1490 2664 1748 2700 consuetum
1790 2666 1835 2702 et
1874 2660 2052 2703 solitum
2093 2676 2263 2704 reman-

465 2746 615 2790 erent;
667 2746 711 2781 et
764 2739 826 2780 sic
870 2743 1166 2780 convenerunt
1212 2738 1270 2779 ad
1325 2736 1556 2778 concilium
1607 2737 1951 2783 Constanciense
1996 2742 2165 2796 praelati
2218 2748 2263 2784 et

466 2821 668 2860 doctores
709 2824 753 2860 et
792 2818 939 2872 plures
983 2816 1068 2868 alii,
1112 2816 1395 2870 sigismundo
1436 2816 1553 2858 bono
1594 2823 1698 2861 tunc
1740 2820 1960 2863 existente
2001 2822 2263 2876 imperatore
