<?xml version="1.0" encoding="UTF-8"?>
<!DOCTYPE html PUBLIC "-//W3C//DTD XHTML 1.0 Transitional//EN"
    "http://www.w3.org/TR/xhtml1/DTD/xhtml1-transitional.dtd">
<html xmlns="http://www.w3.org/1999/xhtml" xml:lang="en" lang="en">
 <head>
  <title>
</title>
<meta http-equiv="Content-Type" content="text/html;charset=utf-8" />
  <meta name='ocr-system' content='tesseract 3.04.00' />
  <meta name='ocr-capabilities' content='ocr_page ocr_carea ocr_par ocr_line ocrx_word'/>
</head>
<body>
  <div class='ocr_page' id='page_1' title='image "./locielibroverita00gascuoft_0148.png"; bbox 0 0 2456 3210; ppageno 0'>
   <div class='ocr_carea' id='block_1_1' title="bbox 365 193 1670 244">
    <p class='ocr_par' dir='ltr' id='par_1_1' title="bbox 365 193 1670 244">
     <span class='ocr_line' id='line_1_1' title="bbox 365 193 1670 244; baseline 0.001 -11"><span class='ocrx_word' id='word_1_1' title='bbox 365 193 421 244; x_wconf 90' lang='lat'>46</span> <span class='ocrx_word' id='word_1_2' title='bbox 869 197 1000 234; x_wconf 88' lang='lat' dir='ltr'><em>LOCI</em></span> <span class='ocrx_word' id='word_1_3' title='bbox 1034 197 1073 232; x_wconf 91' lang='lat' dir='ltr'><em>E</em></span> <span class='ocrx_word' id='word_1_4' title='bbox 1110 196 1276 232; x_wconf 85' lang='lat' dir='ltr'><em>LIBRO</em></span> <span class='ocrx_word' id='word_1_5' title='bbox 1325 196 1670 234; x_wconf 81' lang='lat' dir='ltr'>VERITATUM.</span> 
     </span>
    </p>
   </div>
   <div class='ocr_carea' id='block_1_2' title="bbox 359 331 2198 2810">
    <p class='ocr_par' dir='ltr' id='par_1_2' title="bbox 359 331 2166 479">
     <span class='ocr_line' id='line_1_2' title="bbox 366 331 2166 399; baseline -0.001 -13"><span class='ocrx_word' id='word_1_6' title='bbox 366 344 607 396; x_wconf 89' lang='lat' dir='ltr'>hominum,</span> <span class='ocrx_word' id='word_1_7' title='bbox 629 344 703 398; x_wconf 90' lang='lat' dir='ltr'>qui</span> <span class='ocrx_word' id='word_1_8' title='bbox 735 350 1023 399; x_wconf 86' lang='lat' dir='ltr'>peccaverunt</span> <span class='ocrx_word' id='word_1_9' title='bbox 1053 357 1131 397; x_wconf 86' lang='lat' dir='ltr'>per</span> <span class='ocrx_word' id='word_1_10' title='bbox 1161 349 1206 385; x_wconf 90' lang='lat' dir='ltr'>te</span> <span class='ocrx_word' id='word_1_11' title='bbox 1238 347 1283 384; x_wconf 88' lang='lat' dir='ltr'>et</span> <span class='ocrx_word' id='word_1_12' title='bbox 1313 355 1391 396; x_wconf 88' lang='lat' dir='ltr'>per</span> <span class='ocrx_word' id='word_1_13' title='bbox 1421 337 1666 384; x_wconf 87' lang='lat' dir='ltr'>mocionem</span> <span class='ocrx_word' id='word_1_14' title='bbox 1696 349 1818 385; x_wconf 88' lang='lat' dir='ltr'>tuam</span> <span class='ocrx_word' id='word_1_15' title='bbox 1841 349 1886 385; x_wconf 90' lang='lat' dir='ltr'>et</span> <span class='ocrx_word' id='word_1_16' title='bbox 1910 331 2166 399; x_wconf 83' lang='lat' dir='ltr'>exemplum</span> 
     </span>
     <span class='ocr_line' id='line_1_3' title="bbox 359 423 1630 479; baseline -0.001 -12"><span class='ocrx_word' id='word_1_17' title='bbox 359 426 534 467; x_wconf 87' lang='lat' dir='ltr'>-malum</span> <span class='ocrx_word' id='word_1_18' title='bbox 566 431 610 467; x_wconf 92' lang='lat' dir='ltr'>et</span> <span class='ocrx_word' id='word_1_19' title='bbox 640 440 718 479; x_wconf 92' lang='lat' dir='ltr'>per</span> <span class='ocrx_word' id='word_1_20' title='bbox 746 431 870 467; x_wconf 83' lang='lat' dir='ltr'>tuam</span> <span class='ocrx_word' id='word_1_21' title='bbox 901 425 1197 479; x_wconf 86' lang='lat' dir='ltr'>ignoranciam</span> <span class='ocrx_word' id='word_1_22' title='bbox 1229 430 1272 465; x_wconf 90' lang='lat' dir='ltr'>et</span> <span class='ocrx_word' id='word_1_23' title='bbox 1303 423 1630 478; x_wconf 87' lang='lat' dir='ltr'>necligenciam.</span> 
     </span>
    </p>

    <p class='ocr_par' dir='ltr' id='par_1_3' title="bbox 367 500 2198 2316">
     <span class='ocr_line' id='line_1_4' title="bbox 484 500 2168 559; baseline 0 -14"><span class='ocrx_word' id='word_1_24' title='bbox 484 513 532 557; x_wconf 80' lang='lat' dir='ltr'>[p.</span> <span class='ocrx_word' id='word_1_25' title='bbox 558 513 650 556; x_wconf 84' lang='lat'>418]</span> <span class='ocrx_word' id='word_1_26' title='bbox 715 505 1010 548; x_wconf 85' lang='lat' dir='ltr'><strong>Consimiliter</strong></span> <span class='ocrx_word' id='word_1_27' title='bbox 1049 506 1212 547; x_wconf 91' lang='lat' dir='ltr'>diceret</span> <span class='ocrx_word' id='word_1_28' title='bbox 1260 505 1500 559; x_wconf 86' lang='lat' dir='ltr'>episcopus,</span> <span class='ocrx_word' id='word_1_29' title='bbox 1542 503 1615 559; x_wconf 88' lang='lat' dir='ltr'>qui</span> <span class='ocrx_word' id='word_1_30' title='bbox 1665 504 1802 547; x_wconf 89' lang='lat' dir='ltr'>mittit</span> <span class='ocrx_word' id='word_1_31' title='bbox 1842 505 2050 547; x_wconf 86' lang='lat' dir='ltr'>vicarium</span> <span class='ocrx_word' id='word_1_32' title='bbox 2097 500 2168 546; x_wconf 83' lang='lat' dir='ltr'>vel</span> 
     </span>
     <span class='ocr_line' id='line_1_5' title="bbox 368 584 2168 645; baseline 0 -18"><span class='ocrx_word' id='word_1_33' title='bbox 368 594 582 629; x_wconf 88' lang='lat' dir='ltr'>rectorem</span> <span class='ocrx_word' id='word_1_34' title='bbox 622 588 866 628; x_wconf 88' lang='lat' dir='ltr'>animarum</span> <span class='ocrx_word' id='word_1_35' title='bbox 905 586 1033 628; x_wconf 90' lang='lat' dir='ltr'>alicui</span> <span class='ocrx_word' id='word_1_36' title='bbox 1073 585 1303 639; x_wconf 73' lang='lat' dir='ltr'>parochiae,</span> <span class='ocrx_word' id='word_1_37' title='bbox 1340 585 1410 626; x_wconf 92' lang='lat' dir='ltr'>vel</span> <span class='ocrx_word' id='word_1_38' title='bbox 1451 585 1667 627; x_wconf 87' lang='lat' dir='ltr'>decanum</span> <span class='ocrx_word' id='word_1_39' title='bbox 1707 585 1778 626; x_wconf 93' lang='lat' dir='ltr'>vel</span> <span class='ocrx_word' id='word_1_40' title='bbox 1813 584 2168 645; x_wconf 79' lang='lat' dir='ltr'>archidiaconum</span> 
     </span>
     <span class='ocr_line' id='line_1_6' title="bbox 368 659 2172 726; baseline 0 -19"><span class='ocrx_word' id='word_1_41' title='bbox 368 668 412 708; x_wconf 90' lang='lat' dir='ltr'>in</span> <span class='ocrx_word' id='word_1_42' title='bbox 455 681 603 709; x_wconf 89' lang='lat' dir='ltr'>curam</span> <span class='ocrx_word' id='word_1_43' title='bbox 643 667 712 709; x_wconf 90' lang='lat' dir='ltr'>vel</span> <span class='ocrx_word' id='word_1_44' title='bbox 754 668 798 708; x_wconf 90' lang='lat' dir='ltr'>in</span> <span class='ocrx_word' id='word_1_45' title='bbox 839 659 1140 708; x_wconf 89' lang='lat' dir='ltr'>visitacionem</span> <span class='ocrx_word' id='word_1_46' title='bbox 1181 664 1452 720; x_wconf 85' lang='lat' dir='ltr'>spiritualem</span> <span class='ocrx_word' id='word_1_47' title='bbox 1492 665 1753 726; x_wconf 88' lang='lat' dir='ltr'>animarum,</span> <span class='ocrx_word' id='word_1_48' title='bbox 1794 671 1839 707; x_wconf 90' lang='lat' dir='ltr'>et</span> <span class='ocrx_word' id='word_1_49' title='bbox 1885 664 2172 707; x_wconf 84' lang='lat' dir='ltr'>consimiliter</span> 
     </span>
     <span class='ocr_line' id='line_1_7' title="bbox 369 745 2168 802; baseline -0.001 -13"><span class='ocrx_word' id='word_1_50' title='bbox 369 748 531 790; x_wconf 88' lang='lat' dir='ltr'>diceret</span> <span class='ocrx_word' id='word_1_51' title='bbox 568 762 647 789; x_wconf 88' lang='lat' dir='ltr'>rex</span> <span class='ocrx_word' id='word_1_52' title='bbox 679 754 722 789; x_wconf 90' lang='lat' dir='ltr'>et</span> <span class='ocrx_word' id='word_1_53' title='bbox 757 747 942 802; x_wconf 87' lang='lat' dir='ltr'>quilibet</span> <span class='ocrx_word' id='word_1_54' title='bbox 982 747 1056 801; x_wconf 90' lang='lat' dir='ltr'>qui</span> <span class='ocrx_word' id='word_1_55' title='bbox 1098 746 1234 788; x_wconf 88' lang='lat' dir='ltr'>mittit</span> <span class='ocrx_word' id='word_1_56' title='bbox 1268 746 1312 787; x_wconf 91' lang='lat' dir='ltr'>in</span> <span class='ocrx_word' id='word_1_57' title='bbox 1345 745 1555 800; x_wconf 90' lang='lat' dir='ltr'>populum</span> <span class='ocrx_word' id='word_1_58' title='bbox 1594 746 1678 787; x_wconf 93' lang='lat' dir='ltr'>Dei</span> <span class='ocrx_word' id='word_1_59' title='bbox 1707 745 1899 800; x_wconf 90' lang='lat' dir='ltr'>judicem</span> <span class='ocrx_word' id='word_1_60' title='bbox 1929 746 2000 787; x_wconf 92' lang='lat' dir='ltr'>vel</span> <span class='ocrx_word' id='word_1_61' title='bbox 2035 745 2168 788; x_wconf 89' lang='lat' dir='ltr'>offici-</span> 
     </span>
     <span class='ocr_line' id='line_1_8' title="bbox 368 810 2170 882; baseline -0.001 -12"><span class='ocrx_word' id='word_1_62' title='bbox 368 829 536 880; x_wconf 86' lang='lat' dir='ltr'>arium3</span> <span class='ocrx_word' id='word_1_63' title='bbox 573 829 737 870; x_wconf 89' lang='lat' dir='ltr'>diceret</span> <span class='ocrx_word' id='word_1_64' title='bbox 772 829 888 869; x_wconf 90' lang='lat' dir='ltr'>enim</span> <span class='ocrx_word' id='word_1_65' title='bbox 925 828 1155 882; x_wconf 91' lang='lat' dir='ltr'>episcopus</span> <span class='ocrx_word' id='word_1_66' title='bbox 1191 826 1356 882; x_wconf 89' lang='lat' dir='ltr'>populo</span> <span class='ocrx_word' id='word_1_67' title='bbox 1390 826 1458 868; x_wconf 91' lang='lat' dir='ltr'>cui</span> <span class='ocrx_word' id='word_1_68' title='bbox 1496 827 1630 868; x_wconf 85' lang='lat' dir='ltr'>mittit</span> <span class='ocrx_word' id='word_1_69' title='bbox 1662 840 1824 868; x_wconf 86' lang='lat' dir='ltr'>novum</span> <span class='ocrx_word' id='word_1_70' title='bbox 1857 810 2070 869; x_wconf 84' lang='lat' dir='ltr'>rectorem</span> <span class='ocrx_word' id='word_1_71' title='bbox 2099 826 2170 868; x_wconf 91' lang='lat' dir='ltr'>vel</span> 
     </span>
     <span class='ocr_line' id='line_1_9' title="bbox 367 906 2198 962; baseline -0.001 -12"><span class='ocrx_word' id='word_1_72' title='bbox 367 909 573 950; x_wconf 88' lang='lat' dir='ltr'>vicarium</span> <span class='ocrx_word' id='word_1_73' title='bbox 594 909 664 950; x_wconf 93' lang='lat' dir='ltr'>vel</span> <span class='ocrx_word' id='word_1_74' title='bbox 691 909 945 951; x_wconf 88' lang='lat' dir='ltr'>officiarium</span> <span class='ocrx_word' id='word_1_75' title='bbox 973 921 1074 950; x_wconf 91' lang='lat' dir='ltr'>cum</span> <span class='ocrx_word' id='word_1_76' title='bbox 1097 908 1385 950; x_wconf 88' lang='lat' dir='ltr'>Sanctissimo</span> <span class='ocrx_word' id='word_1_77' title='bbox 1415 907 1551 949; x_wconf 85' lang='lat' dir='ltr'>Paulo</span> <span class='ocrx_word' id='word_1_78' title='bbox 1571 906 1806 961; x_wconf 87' lang='lat' dir='ltr'>Apostolo,</span> <span class='ocrx_word' id='word_1_79' title='bbox 1829 911 1839 930; x_wconf 90' lang='lat'>‘</span> <span class='ocrx_word' id='word_1_80' title='bbox 1854 907 1995 962; x_wconf 86' lang='lat' dir='ltr'>Spero</span> <span class='ocrx_word' id='word_1_81' title='bbox 2019 914 2170 949; x_wconf 90' lang='lat' dir='ltr'>autem</span> <span class='ocrx_word' id='word_1_82' title='bbox 2195 931 2198 933; x_wconf 97' lang='lat'>-</span> 
     </span>
     <span class='ocr_line' id='line_1_10' title="bbox 368 988 2169 1043; baseline 0 -14"><span class='ocrx_word' id='word_1_83' title='bbox 368 990 411 1030; x_wconf 89' lang='lat' dir='ltr'>in</span> <span class='ocrx_word' id='word_1_84' title='bbox 455 989 650 1031; x_wconf 91' lang='lat' dir='ltr'>Domino</span> <span class='ocrx_word' id='word_1_85' title='bbox 679 989 784 1043; x_wconf 80' lang='lat' dir='ltr'>Jes&#39;u</span> <span class='ocrx_word' id='word_1_86' title='bbox 815 988 1100 1031; x_wconf 88' lang='lat' dir='ltr'>Timotheum</span> <span class='ocrx_word' id='word_1_87' title='bbox 1135 989 1222 1030; x_wconf 90' lang='lat' dir='ltr'>cito</span> <span class='ocrx_word' id='word_1_88' title='bbox 1263 1001 1335 1030; x_wconf 90' lang='lat' dir='ltr'>me</span> <span class='ocrx_word' id='word_1_89' title='bbox 1375 988 1549 1030; x_wconf 87' lang='lat' dir='ltr'>mittere</span> <span class='ocrx_word' id='word_1_90' title='bbox 1589 988 1645 1029; x_wconf 88' lang='lat' dir='ltr'>ad</span> <span class='ocrx_word' id='word_1_91' title='bbox 1681 1002 1771 1039; x_wconf 89' lang='lat' dir='ltr'>vos,</span> <span class='ocrx_word' id='word_1_92' title='bbox 1802 988 2023 1030; x_wconf 88' lang='lat' dir='ltr'>neminem</span> <span class='ocrx_word' id='word_1_93' title='bbox 2053 988 2169 1030; x_wconf 89' lang='lat' dir='ltr'>enim</span> 
     </span>
     <span class='ocr_line' id='line_1_11' title="bbox 367 1065 2171 1123; baseline 0 -13"><span class='ocrx_word' id='word_1_94' title='bbox 367 1070 510 1110; x_wconf 91' lang='lat' dir='ltr'>habeo</span> <span class='ocrx_word' id='word_1_95' title='bbox 551 1076 643 1111; x_wconf 91' lang='lat' dir='ltr'>tam</span> <span class='ocrx_word' id='word_1_96' title='bbox 685 1070 951 1121; x_wconf 81' lang='lat' dir='ltr'>unanimem,</span> <span class='ocrx_word' id='word_1_97' title='bbox 987 1069 1062 1123; x_wconf 91' lang='lat' dir='ltr'>qui</span> <span class='ocrx_word' id='word_1_98' title='bbox 1102 1069 1268 1110; x_wconf 89' lang='lat' dir='ltr'>sincera</span> <span class='ocrx_word' id='word_1_99' title='bbox 1302 1068 1536 1110; x_wconf 86' lang='lat' dir='ltr'>affeccione</span> <span class='ocrx_word' id='word_1_100' title='bbox 1575 1081 1654 1122; x_wconf 88' lang='lat' dir='ltr'>pro</span> <span class='ocrx_word' id='word_1_101' title='bbox 1693 1068 1819 1109; x_wconf 90' lang='lat' dir='ltr'>vobis</span> <span class='ocrx_word' id='word_1_102' title='bbox 1855 1068 2049 1110; x_wconf 89' lang='lat' dir='ltr'>solicitus</span> <span class='ocrx_word' id='word_1_103' title='bbox 2087 1065 2171 1110; x_wconf 87' lang='lat' dir='ltr'>sit.’</span> 
     </span>
     <span class='ocr_line' id='line_1_12' title="bbox 369 1147 2170 1204; baseline -0.001 -13"><span class='ocrx_word' id='word_1_104' title='bbox 369 1149 443 1192; x_wconf 87' lang='lat' dir='ltr'>Sic</span> <span class='ocrx_word' id='word_1_105' title='bbox 475 1164 553 1191; x_wconf 84' lang='lat' dir='ltr'>rex</span> <span class='ocrx_word' id='word_1_106' title='bbox 575 1150 738 1191; x_wconf 87' lang='lat' dir='ltr'>diceret</span> <span class='ocrx_word' id='word_1_107' title='bbox 770 1156 814 1192; x_wconf 89' lang='lat' dir='ltr'>et</span> <span class='ocrx_word' id='word_1_108' title='bbox 834 1149 1018 1204; x_wconf 88' lang='lat' dir='ltr'>quilibet</span> <span class='ocrx_word' id='word_1_109' title='bbox 1039 1155 1248 1204; x_wconf 86' lang='lat' dir='ltr'>patronus</span> <span class='ocrx_word' id='word_1_110' title='bbox 1270 1148 1548 1191; x_wconf 86' lang='lat' dir='ltr'>ecclesiarum</span> <span class='ocrx_word' id='word_1_111' title='bbox 1577 1155 1621 1190; x_wconf 91' lang='lat' dir='ltr'>et</span> <span class='ocrx_word' id='word_1_112' title='bbox 1641 1148 1827 1203; x_wconf 87' lang='lat' dir='ltr'>quilibet</span> <span class='ocrx_word' id='word_1_113' title='bbox 1847 1149 2072 1190; x_wconf 89' lang='lat' dir='ltr'>ordinator</span> <span class='ocrx_word' id='word_1_114' title='bbox 2091 1147 2170 1190; x_wconf 89' lang='lat' dir='ltr'>ali-</span> 
     </span>
     <span class='ocr_line' id='line_1_13' title="bbox 368 1228 2170 1285; baseline 0 -14"><span class='ocrx_word' id='word_1_115' title='bbox 368 1230 490 1283; x_wconf 91' lang='lat' dir='ltr'>cujus</span> <span class='ocrx_word' id='word_1_116' title='bbox 523 1230 715 1271; x_wconf 81' lang='lat' dir='ltr'>officiarii</span> <span class='ocrx_word' id='word_1_117' title='bbox 744 1231 787 1271; x_wconf 91' lang='lat' dir='ltr'>in</span> <span class='ocrx_word' id='word_1_118' title='bbox 818 1230 984 1285; x_wconf 92' lang='lat' dir='ltr'>populo</span> <span class='ocrx_word' id='word_1_119' title='bbox 1015 1230 1112 1280; x_wconf 89' lang='lat' dir='ltr'>Dei,</span> <span class='ocrx_word' id='word_1_120' title='bbox 1137 1229 1308 1271; x_wconf 86' lang='lat' dir='ltr'>‘Credo</span> <span class='ocrx_word' id='word_1_121' title='bbox 1342 1230 1386 1270; x_wconf 91' lang='lat' dir='ltr'>in</span> <span class='ocrx_word' id='word_1_122' title='bbox 1418 1229 1611 1270; x_wconf 90' lang='lat' dir='ltr'>Domino</span> <span class='ocrx_word' id='word_1_123' title='bbox 1640 1228 1757 1282; x_wconf 88' lang='lat' dir='ltr'>Jesu,</span> <span class='ocrx_word' id='word_1_124' title='bbox 1785 1230 1904 1283; x_wconf 92' lang='lat' dir='ltr'>quod</span> <span class='ocrx_word' id='word_1_125' title='bbox 1934 1242 1992 1270; x_wconf 87' lang='lat' dir='ltr'>ex</span> <span class='ocrx_word' id='word_1_126' title='bbox 2023 1228 2170 1283; x_wconf 82' lang='lat' dir='ltr'>gracia</span> 
     </span>
     <span class='ocr_line' id='line_1_14' title="bbox 369 1307 2170 1364; baseline 0.001 -13"><span class='ocrx_word' id='word_1_127' title='bbox 369 1325 460 1359; x_wconf 82' lang='lat' dir='ltr'>sua,</span> <span class='ocrx_word' id='word_1_128' title='bbox 487 1311 560 1364; x_wconf 91' lang='lat' dir='ltr'>qui</span> <span class='ocrx_word' id='word_1_129' title='bbox 592 1311 716 1352; x_wconf 89' lang='lat' dir='ltr'>dedit</span> <span class='ocrx_word' id='word_1_130' title='bbox 747 1310 877 1352; x_wconf 89' lang='lat' dir='ltr'>michi</span> <span class='ocrx_word' id='word_1_131' title='bbox 909 1311 1020 1352; x_wconf 92' lang='lat' dir='ltr'>bene</span> <span class='ocrx_word' id='word_1_132' title='bbox 1048 1310 1171 1362; x_wconf 90' lang='lat' dir='ltr'>velle,</span> <span class='ocrx_word' id='word_1_133' title='bbox 1195 1324 1265 1352; x_wconf 90' lang='lat' dir='ltr'>me</span> <span class='ocrx_word' id='word_1_134' title='bbox 1296 1311 1384 1352; x_wconf 89' lang='lat' dir='ltr'>cito</span> <span class='ocrx_word' id='word_1_135' title='bbox 1416 1310 1588 1351; x_wconf 87' lang='lat' dir='ltr'>mittere</span> <span class='ocrx_word' id='word_1_136' title='bbox 1618 1310 1675 1351; x_wconf 88' lang='lat' dir='ltr'>ad</span> <span class='ocrx_word' id='word_1_137' title='bbox 1706 1322 1797 1359; x_wconf 87' lang='lat' dir='ltr'>vos,</span> <span class='ocrx_word' id='word_1_138' title='bbox 1820 1309 1861 1352; x_wconf 92' lang='lat' dir='ltr'>O</span> <span class='ocrx_word' id='word_1_139' title='bbox 1893 1307 2170 1364; x_wconf 84' lang='lat' dir='ltr'>parochiani!</span> 
     </span>
     <span class='ocr_line' id='line_1_15' title="bbox 369 1387 2170 1445; baseline 0 -14"><span class='ocrx_word' id='word_1_140' title='bbox 369 1390 533 1431; x_wconf 93' lang='lat' dir='ltr'>bonum</span> <span class='ocrx_word' id='word_1_141' title='bbox 556 1387 766 1442; x_wconf 86' lang='lat' dir='ltr'>curatum,</span> <span class='ocrx_word' id='word_1_142' title='bbox 786 1387 953 1432; x_wconf 92' lang='lat' dir='ltr'>bonum</span> <span class='ocrx_word' id='word_1_143' title='bbox 987 1397 1212 1442; x_wconf 90' lang='lat' dir='ltr'>rectorem,</span> <span class='ocrx_word' id='word_1_144' title='bbox 1232 1391 1400 1432; x_wconf 90' lang='lat' dir='ltr'>bonum</span> <span class='ocrx_word' id='word_1_145' title='bbox 1429 1390 1750 1445; x_wconf 68' lang='lat' dir='ltr'>praesidentem,</span> <span class='ocrx_word' id='word_1_146' title='bbox 1772 1404 1848 1431; x_wconf 92' lang='lat' dir='ltr'>seu</span> <span class='ocrx_word' id='word_1_147' title='bbox 1878 1390 2044 1431; x_wconf 90' lang='lat' dir='ltr'>bonum</span> <span class='ocrx_word' id='word_1_148' title='bbox 2076 1387 2170 1432; x_wconf 87' lang='lat' dir='ltr'>offi-</span> 
     </span>
     <span class='ocr_line' id='line_1_16' title="bbox 370 1470 2170 1526; baseline 0 -14"><span class='ocrx_word' id='word_1_149' title='bbox 370 1471 549 1520; x_wconf 89' lang='lat' dir='ltr'>ciarium</span> <span class='ocrx_word' id='word_1_150' title='bbox 571 1477 615 1512; x_wconf 89' lang='lat' dir='ltr'>et</span> <span class='ocrx_word' id='word_1_151' title='bbox 646 1472 947 1523; x_wconf 88' lang='lat' dir='ltr'>sufficientem,</span> <span class='ocrx_word' id='word_1_152' title='bbox 969 1472 1026 1513; x_wconf 91' lang='lat' dir='ltr'>ad</span> <span class='ocrx_word' id='word_1_153' title='bbox 1049 1486 1100 1513; x_wconf 88' lang='lat' dir='ltr'>ea</span> <span class='ocrx_word' id='word_1_154' title='bbox 1121 1472 1294 1526; x_wconf 85' lang='lat' dir='ltr'>agenda</span> <span class='ocrx_word' id='word_1_155' title='bbox 1321 1485 1420 1525; x_wconf 87' lang='lat' dir='ltr'>quae</span> <span class='ocrx_word' id='word_1_156' title='bbox 1452 1472 1564 1512; x_wconf 88' lang='lat' dir='ltr'>inter</span> <span class='ocrx_word' id='word_1_157' title='bbox 1582 1484 1660 1512; x_wconf 89' lang='lat' dir='ltr'>vos</span> <span class='ocrx_word' id='word_1_158' title='bbox 1690 1471 1863 1524; x_wconf 88' lang='lat' dir='ltr'>agenda</span> <span class='ocrx_word' id='word_1_159' title='bbox 1889 1477 2004 1512; x_wconf 90' lang='lat' dir='ltr'>sunt.</span> <span class='ocrx_word' id='word_1_160' title='bbox 2065 1470 2170 1512; x_wconf 91' lang='lat' dir='ltr'>Non</span> 
     </span>
     <span class='ocr_line' id='line_1_17' title="bbox 371 1550 2169 1606; baseline 0.001 -15"><span class='ocrx_word' id='word_1_161' title='bbox 371 1551 486 1592; x_wconf 90' lang='lat' dir='ltr'>enim</span> <span class='ocrx_word' id='word_1_162' title='bbox 522 1550 666 1592; x_wconf 87' lang='lat' dir='ltr'>habeo</span> <span class='ocrx_word' id='word_1_163' title='bbox 702 1565 784 1605; x_wconf 85' lang='lat' dir='ltr'>ego</span> <span class='ocrx_word' id='word_1_164' title='bbox 824 1558 1036 1606; x_wconf 87' lang='lat' dir='ltr'>patronus</span> <span class='ocrx_word' id='word_1_165' title='bbox 1077 1552 1284 1602; x_wconf 84' lang='lat' dir='ltr'>ecclesiae,</span> <span class='ocrx_word' id='word_1_166' title='bbox 1321 1565 1401 1593; x_wconf 91' lang='lat' dir='ltr'>nec</span> <span class='ocrx_word' id='word_1_167' title='bbox 1438 1565 1520 1605; x_wconf 88' lang='lat' dir='ltr'>ego</span> <span class='ocrx_word' id='word_1_168' title='bbox 1556 1551 1798 1606; x_wconf 88' lang='lat' dir='ltr'>episcopus,</span> <span class='ocrx_word' id='word_1_169' title='bbox 1835 1565 1912 1593; x_wconf 89' lang='lat' dir='ltr'>seu</span> <span class='ocrx_word' id='word_1_170' title='bbox 1954 1564 2036 1605; x_wconf 87' lang='lat' dir='ltr'>ego</span> <span class='ocrx_word' id='word_1_171' title='bbox 2076 1564 2169 1600; x_wconf 85' lang='lat' dir='ltr'>rex,</span> 
     </span>
     <span class='ocr_line' id='line_1_18' title="bbox 371 1614 2171 1685; baseline 0.002 -14"><span class='ocrx_word' id='word_1_172' title='bbox 371 1644 459 1672; x_wconf 91' lang='lat' dir='ltr'>non</span> <span class='ocrx_word' id='word_1_173' title='bbox 499 1630 641 1672; x_wconf 90' lang='lat' dir='ltr'>habeo</span> <span class='ocrx_word' id='word_1_174' title='bbox 677 1637 770 1672; x_wconf 89' lang='lat' dir='ltr'>tam</span> <span class='ocrx_word' id='word_1_175' title='bbox 812 1632 1065 1673; x_wconf 86' lang='lat' dir='ltr'>unanimem</span> <span class='ocrx_word' id='word_1_176' title='bbox 1104 1632 1259 1681; x_wconf 88' lang='lat' dir='ltr'>virum,</span> <span class='ocrx_word' id='word_1_177' title='bbox 1294 1622 1390 1674; x_wconf 51' lang='lat' dir='ltr'>¹tam</span> <span class='ocrx_word' id='word_1_178' title='bbox 1430 1632 1559 1673; x_wconf 85' lang='lat' dir='ltr'>bonae</span> <span class='ocrx_word' id='word_1_179' title='bbox 1598 1614 1849 1682; x_wconf 75' lang='lat' dir='ltr'>veluntatis,</span> <span class='ocrx_word' id='word_1_180' title='bbox 1886 1631 1961 1685; x_wconf 87' lang='lat' dir='ltr'>qui</span> <span class='ocrx_word' id='word_1_181' title='bbox 2001 1632 2171 1674; x_wconf 87' lang='lat' dir='ltr'>sincera</span> 
     </span>
     <span class='ocr_line' id='line_1_19' title="bbox 371 1711 2170 1767; baseline 0 -14"><span class='ocrx_word' id='word_1_182' title='bbox 371 1711 605 1753; x_wconf 84' lang='lat' dir='ltr'>affeccione</span> <span class='ocrx_word' id='word_1_183' title='bbox 641 1724 719 1764; x_wconf 90' lang='lat' dir='ltr'>pro</span> <span class='ocrx_word' id='word_1_184' title='bbox 754 1711 878 1752; x_wconf 92' lang='lat' dir='ltr'>vobis</span> <span class='ocrx_word' id='word_1_185' title='bbox 911 1711 1105 1753; x_wconf 91' lang='lat' dir='ltr'>solicitus</span> <span class='ocrx_word' id='word_1_186' title='bbox 1141 1712 1223 1763; x_wconf 84' lang='lat' dir='ltr'>sit3</span> <span class='ocrx_word' id='word_1_187' title='bbox 1268 1726 1328 1754; x_wconf 91' lang='lat' dir='ltr'>sc.</span> <span class='ocrx_word' id='word_1_188' title='bbox 1358 1726 1439 1767; x_wconf 88' lang='lat' dir='ltr'>pro</span> <span class='ocrx_word' id='word_1_189' title='bbox 1475 1712 1615 1753; x_wconf 86' lang='lat' dir='ltr'>salute</span> <span class='ocrx_word' id='word_1_190' title='bbox 1654 1712 1898 1753; x_wconf 89' lang='lat' dir='ltr'>animarum</span> <span class='ocrx_word' id='word_1_191' title='bbox 1927 1718 2170 1754; x_wconf 87' lang='lat' dir='ltr'>vestrarum</span> 
     </span>
     <span class='ocr_line' id='line_1_20' title="bbox 370 1790 2168 1846; baseline 0.001 -14"><span class='ocrx_word' id='word_1_192' title='bbox 370 1792 480 1834; x_wconf 83' lang='lat' dir='ltr'>sicut</span> <span class='ocrx_word' id='word_1_193' title='bbox 522 1791 606 1832; x_wconf 87' lang='lat' dir='ltr'>iste</span> <span class='ocrx_word' id='word_1_194' title='bbox 647 1797 713 1832; x_wconf 88' lang='lat' dir='ltr'>est</span> <span class='ocrx_word' id='word_1_195' title='bbox 754 1805 885 1844; x_wconf 90' lang='lat' dir='ltr'>quem</span> <span class='ocrx_word' id='word_1_196' title='bbox 927 1805 1009 1844; x_wconf 88' lang='lat' dir='ltr'>ego</span> <span class='ocrx_word' id='word_1_197' title='bbox 1050 1792 1178 1833; x_wconf 87' lang='lat' dir='ltr'>mitto</span> <span class='ocrx_word' id='word_1_198' title='bbox 1219 1790 1371 1834; x_wconf 68' lang='lat' dir='ltr'>vobis?</span> <span class='ocrx_word' id='word_1_199' title='bbox 1437 1792 1551 1845; x_wconf 89' lang='lat' dir='ltr'>Jam,</span> <span class='ocrx_word' id='word_1_200' title='bbox 1595 1791 1636 1834; x_wconf 89' lang='lat' dir='ltr'>O</span> <span class='ocrx_word' id='word_1_201' title='bbox 1677 1792 1871 1833; x_wconf 89' lang='lat' dir='ltr'>Domine</span> <span class='ocrx_word' id='word_1_202' title='bbox 1910 1792 2015 1846; x_wconf 90' lang='lat' dir='ltr'>Jesu</span> <span class='ocrx_word' id='word_1_203' title='bbox 2052 1793 2168 1834; x_wconf 76' lang='lat' dir='ltr'>Xtei</span> 
     </span>
     <span class='ocr_line' id='line_1_21' title="bbox 370 1864 2170 1927; baseline 0.001 -14"><span class='ocrx_word' id='word_1_204' title='bbox 370 1872 439 1913; x_wconf 87' lang='lat' dir='ltr'>fac</span> <span class='ocrx_word' id='word_1_205' title='bbox 477 1877 686 1925; x_wconf 87' lang='lat' dir='ltr'>patronos</span> <span class='ocrx_word' id='word_1_206' title='bbox 722 1876 766 1912; x_wconf 92' lang='lat' dir='ltr'>et</span> <span class='ocrx_word' id='word_1_207' title='bbox 807 1869 1036 1925; x_wconf 90' lang='lat' dir='ltr'>episcopos</span> <span class='ocrx_word' id='word_1_208' title='bbox 1077 1878 1121 1913; x_wconf 90' lang='lat' dir='ltr'>et</span> <span class='ocrx_word' id='word_1_209' title='bbox 1151 1864 1280 1927; x_wconf 37' lang='lat' dir='ltr'>‘reges</span> <span class='ocrx_word' id='word_1_210' title='bbox 1321 1872 1398 1914; x_wconf 88' lang='lat' dir='ltr'>tali</span> <span class='ocrx_word' id='word_1_211' title='bbox 1435 1873 1569 1914; x_wconf 90' lang='lat' dir='ltr'>modo</span> <span class='ocrx_word' id='word_1_212' title='bbox 1609 1872 1752 1913; x_wconf 91' lang='lat' dir='ltr'>dicere</span> <span class='ocrx_word' id='word_1_213' title='bbox 1793 1878 1838 1914; x_wconf 91' lang='lat' dir='ltr'>et</span> <span class='ocrx_word' id='word_1_214' title='bbox 1877 1886 1979 1914; x_wconf 89' lang='lat' dir='ltr'>vere</span> <span class='ocrx_word' id='word_1_215' title='bbox 2016 1872 2170 1925; x_wconf 88' lang='lat' dir='ltr'>facere,</span> 
     </span>
     <span class='ocr_line' id='line_1_22' title="bbox 371 1951 2168 2006; baseline 0.001 -13"><span class='ocrx_word' id='word_1_216' title='bbox 371 1958 421 1994; x_wconf 87' lang='lat' dir='ltr'>ut</span> <span class='ocrx_word' id='word_1_217' title='bbox 465 1952 645 1993; x_wconf 86' lang='lat' dir='ltr'>mittant</span> <span class='ocrx_word' id='word_1_218' title='bbox 683 1965 807 1993; x_wconf 90' lang='lat' dir='ltr'>veros</span> <span class='ocrx_word' id='word_1_219' title='bbox 853 1952 1073 2006; x_wconf 86' lang='lat' dir='ltr'>operarios</span> <span class='ocrx_word' id='word_1_220' title='bbox 1114 1952 1156 1993; x_wconf 93' lang='lat' dir='ltr'>in</span> <span class='ocrx_word' id='word_1_221' title='bbox 1195 1953 1369 1994; x_wconf 87' lang='lat' dir='ltr'>vineam</span> <span class='ocrx_word' id='word_1_222' title='bbox 1413 1952 1620 1994; x_wconf 86' lang='lat' dir='ltr'>ecclesiae.</span> <span class='ocrx_word' id='word_1_223' title='bbox 1701 1951 1742 1994; x_wconf 90' lang='lat' dir='ltr'>O</span> <span class='ocrx_word' id='word_1_224' title='bbox 1784 1952 1977 1995; x_wconf 90' lang='lat' dir='ltr'>Domine</span> <span class='ocrx_word' id='word_1_225' title='bbox 2019 1952 2168 1995; x_wconf 83' lang='lat' dir='ltr'>Deus!</span> 
     </span>
     <span class='ocr_line' id='line_1_23' title="bbox 372 2031 2171 2087; baseline 0.001 -13"><span class='ocrx_word' id='word_1_226' title='bbox 372 2033 539 2087; x_wconf 87' lang='lat' dir='ltr'>respice</span> <span class='ocrx_word' id='word_1_227' title='bbox 566 2032 623 2073; x_wconf 92' lang='lat' dir='ltr'>de</span> <span class='ocrx_word' id='word_1_228' title='bbox 650 2031 775 2083; x_wconf 87' lang='lat' dir='ltr'>coelo,</span> <span class='ocrx_word' id='word_1_229' title='bbox 797 2037 842 2073; x_wconf 91' lang='lat' dir='ltr'>et</span> <span class='ocrx_word' id='word_1_230' title='bbox 865 2032 968 2073; x_wconf 91' lang='lat' dir='ltr'>vide</span> <span class='ocrx_word' id='word_1_231' title='bbox 994 2038 1038 2073; x_wconf 94' lang='lat' dir='ltr'>et</span> <span class='ocrx_word' id='word_1_232' title='bbox 1064 2032 1192 2075; x_wconf 84' lang='lat' dir='ltr'>visita</span> <span class='ocrx_word' id='word_1_233' title='bbox 1217 2034 1346 2075; x_wconf 91' lang='lat' dir='ltr'>istam</span> <span class='ocrx_word' id='word_1_234' title='bbox 1367 2033 1541 2074; x_wconf 89' lang='lat' dir='ltr'>vineam</span> <span class='ocrx_word' id='word_1_235' title='bbox 1567 2032 1771 2084; x_wconf 86' lang='lat' dir='ltr'>ecclesiae,</span> <span class='ocrx_word' id='word_1_236' title='bbox 1793 2046 1925 2086; x_wconf 83' lang='lat' dir='ltr'>quam</span> <span class='ocrx_word' id='word_1_237' title='bbox 1953 2033 2171 2087; x_wconf 84' lang='lat' dir='ltr'>plantavit</span> 
     </span>
     <span class='ocr_line' id='line_1_24' title="bbox 371 2111 2170 2167; baseline 0.001 -12"><span class='ocrx_word' id='word_1_238' title='bbox 371 2114 558 2156; x_wconf 86' lang='lat' dir='ltr'>dextera</span> <span class='ocrx_word' id='word_1_239' title='bbox 585 2117 673 2153; x_wconf 84' lang='lat' dir='ltr'>tua.</span> <span class='ocrx_word' id='word_1_240' title='bbox 735 2111 979 2166; x_wconf 87' lang='lat' dir='ltr'>Singularis</span> <span class='ocrx_word' id='word_1_241' title='bbox 1011 2113 1127 2153; x_wconf 90' lang='lat' dir='ltr'>enim</span> <span class='ocrx_word' id='word_1_242' title='bbox 1156 2114 1272 2154; x_wconf 90' lang='lat' dir='ltr'>ferus</span> <span class='ocrx_word' id='word_1_243' title='bbox 1299 2114 1510 2167; x_wconf 87' lang='lat' dir='ltr'>depastus</span> <span class='ocrx_word' id='word_1_244' title='bbox 1538 2119 1606 2154; x_wconf 88' lang='lat' dir='ltr'>est</span> <span class='ocrx_word' id='word_1_245' title='bbox 1635 2127 1763 2164; x_wconf 90' lang='lat' dir='ltr'>eam;</span> <span class='ocrx_word' id='word_1_246' title='bbox 1795 2113 1866 2155; x_wconf 92' lang='lat' dir='ltr'>i.e.</span> <span class='ocrx_word' id='word_1_247' title='bbox 1898 2114 2170 2156; x_wconf 85' lang='lat' dir='ltr'>inordinatus</span> 
     </span>
     <span class='ocr_line' id='line_1_25' title="bbox 371 2192 2170 2249; baseline 0.001 -14"><span class='ocrx_word' id='word_1_248' title='bbox 371 2193 595 2248; x_wconf 89' lang='lat' dir='ltr'>appetitus</span> <span class='ocrx_word' id='word_1_249' title='bbox 621 2192 813 2234; x_wconf 89' lang='lat' dir='ltr'>habendi</span> <span class='ocrx_word' id='word_1_250' title='bbox 836 2206 898 2241; x_wconf 87' lang='lat' dir='ltr'>ea,</span> <span class='ocrx_word' id='word_1_251' title='bbox 921 2206 1021 2247; x_wconf 84' lang='lat' dir='ltr'>quae</span> <span class='ocrx_word' id='word_1_252' title='bbox 1042 2199 1202 2235; x_wconf 91' lang='lat' dir='ltr'>nocent</span> <span class='ocrx_word' id='word_1_253' title='bbox 1222 2194 1408 2245; x_wconf 81' lang='lat' dir='ltr'>animae3</span> <span class='ocrx_word' id='word_1_254' title='bbox 1440 2194 1631 2235; x_wconf 85' lang='lat' dir='ltr'>vastavit</span> <span class='ocrx_word' id='word_1_255' title='bbox 1652 2207 1776 2245; x_wconf 89' lang='lat' dir='ltr'>eam;</span> <span class='ocrx_word' id='word_1_256' title='bbox 1809 2194 1882 2235; x_wconf 80' lang='lat' dir='ltr'>i.e‚</span> <span class='ocrx_word' id='word_1_257' title='bbox 1905 2194 2031 2249; x_wconf 89' lang='lat' dir='ltr'>plura</span> <span class='ocrx_word' id='word_1_258' title='bbox 2052 2192 2170 2236; x_wconf 86' lang='lat' dir='ltr'>mala</span> 
     </span>
     <span class='ocr_line' id='line_1_26' title="bbox 373 2263 895 2316; baseline -0.004 -1"><span class='ocrx_word' id='word_1_259' title='bbox 373 2263 550 2316; x_wconf 86' lang='lat' dir='ltr'>induxit</span> <span class='ocrx_word' id='word_1_260' title='bbox 583 2273 627 2314; x_wconf 89' lang='lat' dir='ltr'>in</span> <span class='ocrx_word' id='word_1_261' title='bbox 657 2272 895 2314; x_wconf 88' lang='lat' dir='ltr'>ecclesiam.</span> 
     </span>
    </p>

    <p class='ocr_par' dir='ltr' id='par_1_4' title="bbox 373 2352 2173 2810">
     <span class='ocr_line' id='line_1_27' title="bbox 489 2352 2171 2408; baseline 0.002 -16"><span class='ocrx_word' id='word_1_262' title='bbox 489 2360 540 2404; x_wconf 84' lang='lat' dir='ltr'>[p.</span> <span class='ocrx_word' id='word_1_263' title='bbox 567 2358 662 2405; x_wconf 71' lang='lat'>419]</span> <span class='ocrx_word' id='word_1_264' title='bbox 732 2352 922 2395; x_wconf 89' lang='lat' dir='ltr'>Sanctus</span> <span class='ocrx_word' id='word_1_265' title='bbox 963 2353 1205 2408; x_wconf 86' lang='lat' dir='ltr'>episcopus,</span> <span class='ocrx_word' id='word_1_266' title='bbox 1247 2367 1432 2408; x_wconf 87' lang='lat' dir='ltr'>magnus</span> <span class='ocrx_word' id='word_1_267' title='bbox 1472 2353 1668 2395; x_wconf 88' lang='lat' dir='ltr'>Thomas</span> <span class='ocrx_word' id='word_1_268' title='bbox 1711 2353 2046 2406; x_wconf 83' lang='lat' dir='ltr'>cantuariensis,</span> <span class='ocrx_word' id='word_1_269' title='bbox 2086 2354 2171 2396; x_wconf 84' lang='lat' dir='ltr'>fuit</span> 
     </span>
     <span class='ocr_line' id='line_1_28' title="bbox 373 2432 2173 2489; baseline 0.001 -14"><span class='ocrx_word' id='word_1_270' title='bbox 373 2434 539 2476; x_wconf 90' lang='lat' dir='ltr'>electus</span> <span class='ocrx_word' id='word_1_271' title='bbox 578 2434 622 2475; x_wconf 92' lang='lat' dir='ltr'>in</span> <span class='ocrx_word' id='word_1_272' title='bbox 658 2434 958 2488; x_wconf 88' lang='lat' dir='ltr'>episcopatum</span> <span class='ocrx_word' id='word_1_273' title='bbox 999 2432 1359 2476; x_wconf 89' lang='lat' dir='ltr'>Cantuariensem</span> <span class='ocrx_word' id='word_1_274' title='bbox 1391 2434 1634 2475; x_wconf 88' lang='lat' dir='ltr'>Londoniis</span> <span class='ocrx_word' id='word_1_275' title='bbox 1664 2433 2057 2478; x_wconf 87' lang='lat' dir='ltr'>Westmonasterio</span> <span class='ocrx_word' id='word_1_276' title='bbox 2092 2448 2173 2489; x_wconf 90' lang='lat' dir='ltr'>per</span> 
     </span>
     <span class='ocr_line' id='line_1_29' title="bbox 374 2504 2169 2569; baseline 0.001 -14"><span class='ocrx_word' id='word_1_277' title='bbox 374 2515 604 2569; x_wconf 88' lang='lat' dir='ltr'>episcopos</span> <span class='ocrx_word' id='word_1_278' title='bbox 642 2528 743 2556; x_wconf 92' lang='lat' dir='ltr'>suos</span> <span class='ocrx_word' id='word_1_279' title='bbox 788 2512 1099 2567; x_wconf 79' lang='lat' dir='ltr'>suffraganeos,</span> <span class='ocrx_word' id='word_1_280' title='bbox 1141 2504 1195 2556; x_wconf 42' lang='lat' dir='ltr'>et&#39;</span> <span class='ocrx_word' id='word_1_281' title='bbox 1230 2527 1309 2568; x_wconf 89' lang='lat' dir='ltr'>per</span> <span class='ocrx_word' id='word_1_282' title='bbox 1350 2513 1589 2555; x_wconf 87' lang='lat' dir='ltr'>monachos</span> <span class='ocrx_word' id='word_1_283' title='bbox 1628 2515 1864 2569; x_wconf 88' lang='lat' dir='ltr'>deputatos</span> <span class='ocrx_word' id='word_1_284' title='bbox 1906 2507 2169 2565; x_wconf 63' lang='lat' dir='ltr'>Can&#39;tuariae,</span> 
     </span>
     <span class='ocr_line' id='line_1_30' title="bbox 375 2593 2170 2649; baseline 0.002 -15"><span class='ocrx_word' id='word_1_285' title='bbox 375 2595 552 2647; x_wconf 88' lang='lat' dir='ltr'>quando</span> <span class='ocrx_word' id='word_1_286' title='bbox 587 2595 681 2649; x_wconf 90' lang='lat' dir='ltr'>ipse</span> <span class='ocrx_word' id='word_1_287' title='bbox 715 2593 915 2635; x_wconf 84' lang='lat' dir='ltr'>Thomas</span> <span class='ocrx_word' id='word_1_288' title='bbox 952 2593 1093 2635; x_wconf 90' lang='lat' dir='ltr'>Beket</span> <span class='ocrx_word' id='word_1_289' title='bbox 1129 2594 1294 2636; x_wconf 86' lang='lat' dir='ltr'>electus</span> <span class='ocrx_word' id='word_1_290' title='bbox 1329 2594 1373 2635; x_wconf 90' lang='lat' dir='ltr'>in</span> <span class='ocrx_word' id='word_1_291' title='bbox 1409 2594 1663 2649; x_wconf 90' lang='lat' dir='ltr'>episcopum</span> <span class='ocrx_word' id='word_1_292' title='bbox 1696 2594 2054 2637; x_wconf 86' lang='lat' dir='ltr'>Cantuariensem</span> <span class='ocrx_word' id='word_1_293' title='bbox 2089 2595 2170 2637; x_wconf 90' lang='lat' dir='ltr'>fuit</span> 
     </span>
     <span class='ocr_line' id='line_1_31' title="bbox 375 2673 2170 2729; baseline 0.002 -15"><span class='ocrx_word' id='word_1_294' title='bbox 375 2674 538 2721; x_wconf 90' lang='lat' dir='ltr'>ordinis</span> <span class='ocrx_word' id='word_1_295' title='bbox 569 2675 836 2725; x_wconf 87' lang='lat' dir='ltr'>diaconatus,</span> <span class='ocrx_word' id='word_1_296' title='bbox 857 2679 902 2715; x_wconf 92' lang='lat' dir='ltr'>et</span> <span class='ocrx_word' id='word_1_297' title='bbox 931 2673 1014 2715; x_wconf 87' lang='lat' dir='ltr'>suit</span> <span class='ocrx_word' id='word_1_298' title='bbox 1042 2674 1206 2715; x_wconf 88' lang='lat' dir='ltr'>electus</span> <span class='ocrx_word' id='word_1_299' title='bbox 1237 2674 1280 2715; x_wconf 93' lang='lat' dir='ltr'>in</span> <span class='ocrx_word' id='word_1_300' title='bbox 1311 2673 1432 2715; x_wconf 89' lang='lat' dir='ltr'>illurn</span> <span class='ocrx_word' id='word_1_301' title='bbox 1467 2675 1718 2729; x_wconf 89' lang='lat' dir='ltr'>episcopum</span> <span class='ocrx_word' id='word_1_302' title='bbox 1749 2675 1854 2717; x_wconf 88' lang='lat' dir='ltr'>feria</span> <span class='ocrx_word' id='word_1_303' title='bbox 1885 2681 1932 2727; x_wconf 78' lang='lat' dir='ltr'>4a</span> <span class='ocrx_word' id='word_1_304' title='bbox 1960 2676 2004 2717; x_wconf 90' lang='lat' dir='ltr'>in</span> <span class='ocrx_word' id='word_1_305' title='bbox 2035 2675 2170 2717; x_wconf 89' lang='lat' dir='ltr'>ebdo-</span> 
     </span>
     <span class='ocr_line' id='line_1_32' title="bbox 377 2753 2168 2810; baseline 0.001 -16"><span class='ocrx_word' id='word_1_306' title='bbox 377 2754 507 2796; x_wconf 86' lang='lat' dir='ltr'>mada</span> <span class='ocrx_word' id='word_1_307' title='bbox 550 2755 840 2806; x_wconf 74' lang='lat' dir='ltr'>pentecostes,</span> <span class='ocrx_word' id='word_1_308' title='bbox 876 2760 921 2796; x_wconf 89' lang='lat' dir='ltr'>et</span> <span class='ocrx_word' id='word_1_309' title='bbox 962 2754 1005 2795; x_wconf 87' lang='lat' dir='ltr'>in</span> <span class='ocrx_word' id='word_1_310' title='bbox 1048 2753 1247 2796; x_wconf 84' lang='lat' dir='ltr'>Sabbato</span> <span class='ocrx_word' id='word_1_311' title='bbox 1287 2760 1454 2808; x_wconf 82' lang='lat' dir='ltr'>postea,</span> <span class='ocrx_word' id='word_1_312' title='bbox 1495 2769 1551 2797; x_wconf 89' lang='lat' dir='ltr'>sc.</span> <span class='ocrx_word' id='word_1_313' title='bbox 1600 2756 1641 2797; x_wconf 91' lang='lat' dir='ltr'>in</span> <span class='ocrx_word' id='word_1_314' title='bbox 1678 2756 1826 2810; x_wconf 86' lang='lat' dir='ltr'>vigilia</span> <span class='ocrx_word' id='word_1_315' title='bbox 1868 2755 2168 2798; x_wconf 84' lang='lat' dir='ltr'>Sanctissimae</span> 
     </span>
    </p>
   </div>
   <div class='ocr_carea' id='block_1_3' title="bbox 2420 0 2456 3210">
    <p class='ocr_par' dir='ltr' id='par_1_5' title="bbox 2420 0 2456 3210">
     <span class='ocr_line' id='line_1_33' title="bbox 2420 0 2456 3210; baseline 0 0"><span class='ocrx_word' id='word_1_316' title='bbox 2420 0 2456 3210; x_wconf 95' lang='lat' dir='ltr'> </span> 
     </span>
    </p>
   </div>
  </div>
 </body>
</html>
