2456 3210
421 261 504 292 200
924 253 1057 289 LOCI
1091 254 1130 288 E
1170 254 1334 289 LIBRO
1382 254 1729 292 VERJTATUM.

420 398 670 441 Innocencii
717 412 844 453 papae
885 397 1036 451 juveni
1078 397 1314 438 Frederico
1355 398 1505 451 nepoti
1551 398 1749 452 ejusdem
1793 399 2043 442 Innocencii
2084 415 2226 456 papae.

420 479 534 520 Haec
570 480 709 533 reperi
742 480 787 520 in
826 477 1013 520 Cronica
1050 477 1342 529 Eveshamiae,
1379 492 1463 531 ego
1499 479 1709 533 magister
1737 480 1936 522 Thomas
1968 480 2226 536 Gascoigne,

417 560 637 614 Anglicus
678 560 873 611 nacione,
917 559 1210 600 Eboracensis
1259 559 1457 610 diocesis,
1503 560 1659 602 doctor
1703 574 1838 602 sacrae
1879 561 2136 617 Theologiae
2183 569 2228 604 et

418 640 702 682 cancellarius
736 640 1004 683 Oxoniensis
1035 640 1344 681 universitatis.

541 727 591 771 [p.
622 727 712 770 561]
772 726 940 762 Reotor
970 727 1015 762 et
1046 725 1312 770 Episcopus.
1373 721 1529 774 Nuper
1563 727 1718 762 notum
1751 728 1818 763 est
1854 724 2080 776 quomodo
2111 723 2229 765 bona

418 816 518 855 quae
563 808 709 843 essent
760 802 1025 855 patrimonia
1072 801 1152 842 Xti
1193 801 1298 854 Jesu
1347 807 1451 842 sunt
1497 806 1706 852 vastata;
1758 815 1871 843 unus
1917 803 2032 844 enim
2082 803 2229 855 homo,

417 882 547 923 valde
597 882 815 932 inhabilis,
865 882 1022 924 habuit
1077 882 1343 923 decanatum
1395 881 1589 923 eeclesiae
1638 881 1902 924 cathedralis
1952 884 1997 925 in
2047 883 2228 939 Anglia,

418 962 653 1004 VVellensis
685 963 893 1014 ecclesiae,
926 976 1183 1004 concessum
1216 962 1299 1003 sibi
1333 975 1413 1016 per
1442 962 1735 1016 provisionem
1769 977 1910 1017 papae,
1944 971 1989 1006 et
2022 978 2102 1005 rex
2132 963 2230 1006 An·

419 1043 532 1096 gliae,
566 1044 787 1085 Henricus
811 1043 990 1092 Sextus,
1021 1044 1145 1085 dedit
1177 1043 1216 1084 ei
1245 1042 1470 1084 licenciam
1500 1043 1557 1084 ad
1585 1044 1905 1097 acceptandum
1936 1045 2229 1098 provisionem

420 1124 501 1164 sibi
547 1138 799 1166 concessam
840 1138 919 1177 per
959 1137 1123 1178 papam
1166 1123 1449 1177 Eugenium3
1502 1129 1546 1165 et
1585 1129 1678 1164 tum
1726 1138 1826 1165 cum
1869 1138 2002 1166 manu
2042 1125 2143 1166 forti
2184 1126 2229 1166 in

421 1204 578 1245 eadem
620 1204 862 1246 cathedrali
895 1205 934 1245 ei
977 1205 1232 1245 restiterunt
1270 1217 1325 1245 ne
1366 1204 1547 1245 intraret
1587 1204 1632 1244 in
1664 1203 1905 1255 ecclesiam,
1946 1205 2142 1246 dicentes
2182 1219 2230 1247 se

420 1291 465 1325 et
507 1285 748 1338 capitulum
791 1285 904 1325 illius
946 1284 1142 1326 ecclesiae
1181 1283 1344 1325 habere
1384 1283 1610 1325 licenciam
1650 1297 1779 1338 papae
1824 1284 2016 1326 Romani
2057 1291 2107 1327 ut
2154 1286 2230 1326 eli-

419 1372 573 1418 gerent
606 1366 687 1406 sibi
720 1366 825 1419 ipsis
857 1366 1103 1416 decanum;
1141 1371 1185 1406 et
1217 1365 1278 1406 sic
1312 1364 1385 1406 ille
1421 1365 1620 1418 provisus
1650 1365 1695 1405 in
1720 1365 1937 1406 decanum
1958 1365 2228 1407 Wellensem

422 1460 498 1499 per
533 1460 696 1500 papam
737 1446 989 1500 Eugenium
1032 1447 1272 1500 impeditus
1311 1445 1405 1496 fuit,
1447 1451 1492 1487 et
1533 1459 1621 1487 non
1661 1445 1879 1487 admissus
1920 1446 1964 1486 in
2000 1446 2228 1488 ecclesiam

422 1526 555 1577 illam,
592 1541 668 1567 seu
710 1528 974 1569 decanatum
994 1542 1003 1579 ;
1045 1534 1089 1568 et
1125 1534 1230 1568 tunc
1271 1527 1464 1580 optinuit
1500 1525 1643 1567 bullas
1677 1539 1805 1579 papae
1846 1532 1890 1567 et
1925 1527 2230 1567 excommuni-

423 1607 537 1646 cavit
569 1620 722 1648 omnes
753 1608 826 1661 qui
859 1608 1076 1649 decanum
1105 1607 1239 1648 alium
1271 1613 1375 1648 tunc
1403 1606 1631 1660 eligerunt,
1658 1612 1702 1648 et
1730 1605 1805 1659 qui
1836 1606 1980 1659 ipsum
2006 1607 2228 1659 provisum

423 1700 450 1726 a
485 1686 762 1740 possessione
798 1688 1038 1729 decanatus
1064 1687 1301 1729 Wellensis
1338 1687 1672 1741 impediverunt,
1706 1692 1751 1727 et
1786 1686 1891 1739 ipsis
1927 1687 2229 1727 excommuni-

422 1767 530 1808 catis
562 1774 606 1808 et
639 1768 856 1808 stantibus
888 1769 969 1808 sub
999 1768 1402 1821 provocacionibus,
1434 1782 1512 1821 per
1542 1766 1704 1808 multas
1735 1766 1945 1820 pecunias
1981 1766 2110 1808 datas
2142 1767 2226 1808 illis

425 1847 500 1900 qui
534 1846 708 1889 fuerunt
748 1849 860 1889 circa
895 1863 1054 1902 regem,
1091 1849 1208 1889 idem
1245 1848 1460 1898 inhabilis,
1493 1848 1691 1902 provisus
1724 1847 1769 1887 in
1802 1847 2063 1900 praedictum
2099 1848 2227 1889 deca-

423 1934 578 1969 natum
619 1934 664 1969 et
705 1928 892 1981 rejectus
937 1943 1016 1982 per
1065 1929 1319 1983 capitulum,
1351 1929 1494 1971 factus
1543 1928 1624 1969 fuit
1665 1927 1894 1980 episcopus
1938 1913 2272 1978 Menevensiss-

426 2007 578 2050 Sancti
611 2008 769 2058 David,
798 2009 841 2048 in
867 2008 1040 2060 Wallia,
1071 2002 1378 2056 consenciente
1411 2023 1539 2063 papa,
1572 2014 1616 2049 et
1648 2020 1752 2061 rege
1787 2021 1866 2061 pro
1896 2007 1980 2049 hoc
2011 2009 2228 2050 scribente

424 2102 553 2142 papae
596 2094 640 2129 et
676 2089 1006 2139 consenciente3
1048 2097 1094 2131 et
1136 2104 1246 2146 unus
1283 2090 1515 2143 episcopus
1557 2087 1709 2138 malus,
1746 2093 1790 2128 et
1826 2087 1899 2129 alii
1940 2088 2143 2142 graduati
2183 2090 2227 2130 in

424 2169 554 2210 scolis
596 2169 788 2210 Oxoniae
834 2170 878 2209 in
919 2170 1053 2210 domo
1095 2171 1219 2223 regis,
1261 2170 1351 2224 regi
1402 2170 1623 2219 dixerunt,
1666 2168 1807 2221 ‘quod
1849 2168 2004 2210 melius
2054 2169 2138 2210 fuit
2183 2175 2228 2211 et

424 2249 658 2290 virtuosius
694 2248 829 2290 talem
867 2250 1088 2302 provisum
1124 2251 1167 2291 in
1206 2252 1423 2292 decanum
1459 2250 1602 2291 facere
1638 2249 1905 2302 episcopum,
1941 2263 2076 2303 quam
2111 2249 2226 2303 opti-

394 2343 548 2370 *mum
574 2330 715 2370 virum
744 2335 789 2370 et
821 2329 1015 2370 maxime
1045 2331 1335 2375 scientificum
1360 2329 1551 2383 Angliae,
1581 2329 1685 2382 quia
1715 2343 1774 2370 ex
1801 2328 1899 2381 illo‚'
1926 2336 1976 2371 ut
2005 2330 2227 2381 dixerunt,

427 2413 704 2463 ‘sequeretur
738 2409 836 2450 finis
877 2409 965 2450 litis
1005 2409 1118 2451 inter
1162 2411 1422 2465 praedictum
1462 2408 1685 2463 provisum
1717 2415 1850 2463 atque
1885 2410 1999 2451 inter
2037 2409 2226 2451 electum

426 2490 642 2531 decanum
662 2488 687 2532 :³
741 2495 785 2531 et
832 2490 893 2530 sic
941 2489 1137 2531 fecerunt
1181 2504 1342 2544 magna
1383 2488 1500 2530 mala
1541 2495 1590 2530 ut
1631 2488 1773 2530 minus
1815 2490 1980 2531 malum
2029 2490 2226 2541 evitetur,

426 2584 485 2611 sc.
534 2570 697 2611 malum
745 2569 973 2611 discordiae
1017 2570 1130 2611 inter
1173 2571 1270 2612 illos
1317 2571 1405 2612 duo
1453 2569 1658 2610 decanos.
1720 2570 1847 2620 Item,
1892 2572 1935 2611 in
1980 2569 2064 2611 hoc
2109 2569 2226 2611 facto

425 2650 615 2702 graviter
656 2657 701 2691 et
742 2650 985 2691 mortaliter
1024 2657 1315 2703 peccaverunt
1356 2650 1459 2703 quia
1500 2658 1816 2692 consenserunt
1856 2650 2093 2692 inhabilem
2135 2649 2260 2691 fieri*

426 2730 691 2784 episcopum.
991 2786 993 2788 q

544 2811 669 2862 Item,
692 2811 887 2852 fecerunt
919 2823 1079 2863 magna
1109 2810 1226 2852 mala
1255 2816 1303 2852 ut
1329 2811 1472 2850 minus
1505 2809 1669 2851 malum
1702 2811 1900 2861 evitetur,
1923 2823 2083 2864 magna
2109 2808 2225 2850 mala
