2456 3210
381 192 436 233 62
882 196 1013 232 LOCI
1046 196 1086 230 E
1123 195 1288 231 LIBRO
1336 194 1682 231 VERITATUM.

381 335 451 377 cui
492 340 606 376 recte
647 333 861 384 obeditur,
899 334 1000 387 quia
1037 334 1159 374 Deus
1201 340 1343 374 ratum
1383 332 1518 374 habet
1555 332 1674 385 quod
1716 331 1892 373 nomine
1931 331 2024 386 ejus
2065 338 2182 373 recte

383 416 646 469 praecipitur.
709 415 823 455 Item
856 415 979 468 regit,
1004 415 1078 468 qui
1109 414 1301 468 seipsum
1333 413 1518 467 exponit
1549 413 1593 454 in
1625 412 1813 454 salutem
1843 412 2037 464 aliorum,
2065 413 2184 467 paci·

383 496 498 537 endo
527 495 719 549 poenalia
748 508 826 548 pro
849 493 1026 547 justicia
1055 500 1207 536 contra
1234 494 1441 542 tirannos,
1469 494 1795 534 vere‘dicentes
1824 506 1925 534 cum
1955 492 2182 547 propheta,

382 576 606 629 quomodo
631 589 776 617 coram
803 575 902 616 Deo
927 576 1127 616 inventus
1155 580 1222 615 est
1252 573 1453 627 ‘sanguis
1484 587 1727 628 pauperum
1755 575 1799 614 in
1826 574 1908 615 alis
1934 572 2110 623 eorum,'
2137 574 2182 615 id

383 662 461 704 est,
485 657 527 696 in
556 656 721 697 deliciis
749 661 794 696 et
817 655 1117 709 voluptatibus
1143 655 1329 696 divitum
1357 647 1403 695 et
1432 660 1703 696 terrenorum
1732 654 1934 696 inventus
1960 659 2028 695 est
2058 653 2184 695 labor

377 735 597 788 justorum
637 747 893 790 pauperum,
934 736 1052 789 quod
1099 735 1355 789 opprimunt
1396 740 1442 776 et
1481 716 1642 788 injuste
1686 748 1838 776 eorum
1877 735 1996 776 bona
2033 740 2183 775 extor-

383 823 547 870 quent;
594 823 638 857 et
679 816 761 869 ipsi
797 815 1049 857 laborantes
1084 815 1294 869 indigent,
1329 820 1374 856 et
1413 814 1487 856 alii
1527 815 1691 857 intrant
1728 815 1772 856 in
1807 814 1982 856 labores
2017 828 2181 856 eorum.

385 897 500 937 Item
522 897 698 950 sanguis
719 910 959 950 pauperum
983 902 1049 937 est
1069 896 1114 936 in
1140 895 1221 936 alis
1247 909 1410 947 eorum,
1431 895 1534 949 quia
1558 895 1640 949 ipsi
1670 895 1817 949 magni
1838 895 2006 936 domini
2026 895 2184 936 terreni

382 983 486 1018 sunt
516 990 647 1018 causa
677 983 721 1018 et
752 977 923 1018 occasio
951 990 1086 1030 quare
1112 976 1184 1017 alii
1216 975 1439 1017 inferiores
1470 981 1654 1030 peccant
1686 975 1802 1017 malo
1828 989 1979 1017 amore
2004 974 2074 1017 vel
2104 988 2184 1030 pro

385 1058 501 1098 malo
530 1058 688 1098 timore
717 1071 879 1108 eorum,
901 1064 947 1098 et
974 1070 1105 1098 causa
1132 1064 1234 1098 sunt
1265 1056 1481 1098 malorum
1512 1056 1556 1097 in
1584 1056 1780 1110 pluribus
1809 1056 1948 1106 malis,
1970 1069 2080 1110 quos
2107 1056 2185 1097 de-

385 1138 570 1178 fendunt
601 1139 644 1178 in
677 1137 805 1189 malo,
837 1144 883 1179 et
913 1151 988 1179 eos
1019 1137 1174 1189 corrigi
1206 1150 1294 1178 non
1324 1138 1597 1191 permittunt.
1659 1136 1720 1177 Et
1749 1136 1934 1178 Numeri
1963 1136 2183 1178 tricesimo

384 1218 465 1271 iiij⁰
495 1218 602 1259 dicit
634 1218 864 1268 Dominus,
894 1231 941 1258 se
971 1217 1126 1258 inferre
1157 1223 1327 1258 tantam
1359 1230 1539 1271 poenam
1569 1230 1657 1258 non
1690 1217 1973 1272 punientibus
2003 1222 2186 1271 peccata

383 1304 598 1351 quantam
630 1298 808 1339 inferret
838 1297 1100 1339 facientibus
1131 1297 1206 1338 illa
1235 1297 1362 1348 mala,
1383 1311 1499 1351 ergo,
1524 1311 1552 1338 a
1579 1297 1762 1348 forciori,
1788 1298 1941 1351 puniet
1945 1297 2081 1353 jsso‘s,
2108 1297 2184 1352 qui

386 1378 503 1419 mala
530 1378 785 1429 defendunt,
811 1384 855 1419 et
884 1378 1039 1432 corrigi
1070 1392 1158 1419 non
1189 1378 1464 1432 permittunt,
1489 1379 1592 1432 quia
1621 1377 1705 1419 hoc
1735 1378 1876 1432 majus
1907 1378 2072 1419 malum
2103 1385 2183 1420 est.

388 1458 523 1512 Regit
548 1472 651 1512 ergo
679 1459 793 1499 bene
818 1459 892 1511 qui
918 1472 966 1499 se
993 1460 1178 1512 exponit
1203 1472 1283 1512 pro
1307 1472 1440 1514 grege
1464 1458 1741 1500 defendendo
1769 1472 1795 1499 a
1822 1458 1961 1508 malis,
1984 1458 2186 1512 cogitans

386 1538 496 1579 illud
534 1539 700 1579 dictum
741 1537 970 1592 prophetae
1006 1538 1050 1579 in
1086 1538 1197 1579 libro
1234 1538 1436 1592 Regum:
1473 1537 1686 1580 ‘Custodi
1720 1537 1860 1579 virum
1896 1538 2051 1591 ipsum,
2081 1538 2187 1591 quia

385 1619 422 1660 si
459 1618 608 1672 lapsus
643 1618 736 1667 fuit,
770 1618 852 1659 erit
881 1619 1029 1659 anima
1059 1624 1137 1660 tua
1167 1632 1247 1672 pro
1278 1620 1427 1660 anima
1462 1617 1601 1673 ejus3’
1637 1618 1681 1659 id
1713 1624 1791 1668 est,
1820 1617 1903 1660 erit
1931 1618 2079 1659 anima
2109 1624 2188 1660 tua

387 1699 542 1753 punita
577 1712 656 1752 pro
693 1704 771 1739 tuo
806 1698 991 1747 defectu,
1029 1699 1131 1752 quia
1171 1698 1367 1740 defecisti
1406 1699 1463 1740 ab
1503 1712 1557 1740 eo
1593 1698 1712 1752 quod
1747 1698 1917 1751 operari
1957 1699 2188 1750 tenebaris,

383 1779 469 1820 sub
509 1792 643 1832 poena
681 1778 861 1819 offensae
898 1778 1011 1829 Dei3
1057 1785 1102 1819 et
1137 1780 1285 1820 anima
1319 1785 1397 1820 tua
1437 1779 1518 1820 erit
1558 1778 1711 1832 punita
1745 1778 1848 1831 quia
1882 1777 2048 1819 malum
2083 1778 2189 1820 fecit

386 1859 507 1913 quod
539 1872 784 1913 praecavere
815 1860 972 1913 potuit,
999 1866 1043 1900 et
1067 1860 1219 1901 debuit
1244 1874 1302 1901 ex
1331 1860 1496 1901 lumine
1522 1858 1793 1909 intellectus3
1826 1859 1942 1900 unde
1967 1859 2186 1900 Dominus

388 1939 632 1981 Ezechielis
671 1938 714 1992 iij
753 1939 847 1992 ipse
885 1939 1050 1981 scilicet
1089 1940 1290 1982 subditus
1330 1941 1374 1981 in
1414 1939 1655 1994 iniquitate,
1688 1952 1822 1993 quam
1861 1945 2067 1993 operatus
2099 1945 2186 1991 est,

387 2020 607 2070 morietur,
647 2020 674 2061 i.
691 2033 728 2060 e.
771 2032 799 2060 a
841 2019 940 2060 Deo
979 2020 1263 2074 separabitur,
1305 2027 1351 2062 et
1389 2019 1648 2073 sanguinem
1687 2019 1782 2072 ejus
1820 2020 1877 2060 de
1922 2033 2055 2060 manu
2095 2025 2185 2068 tua,

387 2100 430 2142 O
463 2106 606 2141 rector
633 2098 810 2154 populi!
853 2099 1082 2153 requiram,
1110 2101 1213 2154 quia
1243 2100 1407 2142 scilicet
1435 2098 1634 2141 defecisti
1663 2113 1690 2140 a
1719 2098 1871 2140 debito
1901 2105 1991 2150 tuo,
2021 2098 2187 2141 scilicet

390 2181 555 2221 malum
586 2180 797 2228 faciendo,
830 2179 900 2221 vel
930 2194 957 2221 a
990 2180 1106 2222 malo
1137 2195 1217 2222 suo
1248 2181 1391 2234 ipsum
1423 2145 1644 2220 nonqssg-“O
1671 2143 1898 2230 anidigfvel
1929 2179 2185 2234 exemplum

382 2262 567 2310 bonum,
597 2260 667 2302 vel
703 2260 821 2301 aliud
853 2260 1053 2301 debitum
1090 2262 1257 2302 bonum
1287 2259 1547 2308 omittendo,
1580 2266 1629 2300 ut
1659 2259 1854 2301 declarat
1887 2260 2000 2301 bene
2030 2261 2186 2302 doctor

386 2341 671 2393 auctenticus,
695 2341 832 2395 Hugo
860 2341 916 2382 de
935 2340 1121 2390 Vienna,
1145 2340 1388 2382 Ezechielis
1412 2339 1477 2392 iij⁰
1499 2338 1705 2392 capitulo.
1760 2339 1885 2394 Opus
1910 2340 2025 2381 enim
2047 2332 2185 2382 curati

390 2428 457 2462 est
497 2435 646 2476 regere
685 2421 854 2463 animas
893 2427 1106 2474 tanquam
1142 2421 1386 2475 preciosum
1423 2418 1676 2461 thesaurum
1712 2433 1844 2473 quern
1879 2420 1998 2462 Xtus
2031 2403 2186 2474 adqui-

390 2502 490 2543 sivit
527 2501 738 2555 sanguine
773 2515 866 2550 suo,
897 2506 1011 2541 teste
1045 2500 1234 2555 apostoli
1264 2499 1463 2541 Actuum
1492 2499 1698 2540 vicesimo
1733 2499 1939 2554 capitulo.
1965 2484 1968 2486 .
1999 2498 2185 2541 Custodi

383 2582 521 2634 vigitur
551 2582 801 2635 depositum
832 2587 967 2630 tuum,
1001 2581 1068 2622 i.e.
1096 2580 1361 2628 thesaurum,
1396 2579 1607 2620 custodiae
1638 2585 1726 2620 tuae
1756 2579 2050 2630 commissum,
2082 2579 2186 2634 quia

384 2662 426 2700 -si
462 2668 538 2702 tuo
573 2661 746 2703 defectu
781 2661 907 2715 perit,
936 2674 1003 2701 vae
1038 2660 1142 2701 tibi!
1180 2660 1282 2714 quia
1303 2644 1483 2700 *vineam
1516 2665 1638 2699 tuam
1671 2673 1758 2701 non
1789 2659 2032 2702 custodisti.
2093 2658 2184 2700 Sed

391 2740 498 2782 heu!
539 2741 629 2794 jam
667 2742 781 2795 quia,
813 2741 886 2796 qui
919 2740 1011 2794 jam
1047 2754 1157 2782 onus
1196 2739 1416 2793 regiminis
1451 2739 1619 2793 accipit,
1655 2746 1730 2782 aut
1766 2746 1832 2781 est
1869 2739 1995 2782 valde
2031 2738 2182 2788 malus,
