2456 3210
654 257 786 294 LOCI
821 256 861 292 E
900 255 1066 292 LIBRO
1116 253 1460 291 VERJTATUM.
1908 252 1964 299 35

146 410 229 444 suo
249 394 428 457 gutture
458 401 579 455 quod
611 412 699 442 non
721 400 866 454 potuit
897 412 975 441 nec
1000 399 1113 440 bene
1142 398 1263 453 loqui
1293 411 1374 440 nec
1404 396 1622 452 deglutire
1653 401 1697 438 et
1718 394 1781 437 sic
1802 395 1960 436 morie-

142 482 291 524 ·batur.
366 482 586 524 Homines
626 481 744 522 enim
785 486 892 522 tunc
928 479 1207 521 crediderunt
1246 479 1367 533 quod
1405 479 1529 520 Deus
1569 477 1722 532 ligavit
1762 476 1960 529 linguam

147 561 244 616 ejus
274 564 318 604 in
340 575 420 604 sua
447 561 720 610 necessitate,
744 561 847 614 quia
877 566 982 602 tunc
1007 559 1160 615 ligavit
1185 559 1356 614 linguas
1380 559 1505 613 quasi
1526 558 1725 601 omnium
1747 555 1960 611 praedica-

125 648 294 684 -tomm
316 648 497 696 propter
510 655 675 696 paucos
695 640 925 682 haereticos
946 641 1023 694 qui
1043 646 1150 692 tunc
1171 654 1198 682 a
1218 640 1533 694 praedicatione
1549 638 1725 680 suerunt
1745 635 1960 691 suspensi,

147 729 194 764 et
229 723 423 777 episcopi
458 722 552 776 jam
582 722 867 776 indignantur
896 721 1017 775 quod
1057 720 1258 762 homines
1289 720 1453 771 dicunt,
1484 718 1635 762 ‘Talis
1674 719 1831 760 doctor
1869 730 1960 758 non

147 803 379 858 episcopus
413 804 583 858 optime
617 803 842 856 praedicat,
873 802 951 843 sed
984 802 1216 856 episcopus
1244 807 1394 842 noster
1424 814 1504 842 nec
1536 800 1618 841 scit
1654 812 1735 841 nec
1768 798 1864 840 vult
1896 797 1959 840 ita

122 884 402 938 -praedicare‚
434 889 480 926 et
510 884 571 925 sic
602 882 770 937 majora
797 882 915 923 bona
945 882 1050 924 facit
1081 894 1170 923 non
1201 881 1433 936 episcopus
1463 893 1597 935 quam
1628 876 1888 934 episcopus.’

265 970 301 1014 [p
342 967 437 1012 382.]
509 964 758 1018 Episcopus
807 961 1086 1011 Assavensis,
1137 968 1293 1016 postea
1339 961 1637 1011 cicestrensis,
1682 958 1959 1014 Reginaldus

150 1043 309 1094 Pecok,
334 1042 546 1085 Wallicus
570 1043 750 1096 origine,
779 1043 854 1096 qui
884 1042 1142 1096 praedicavit
1170 1041 1415 1084 Londoniis
1435 1042 1480 1083 in
1510 1041 1607 1083 loco
1638 1040 1776 1082 crucis
1804 1038 1958 1082 Sancti

151 1123 275 1165 Pauli
305 1123 494 1178 apostoli
518 1123 637 1178 quod
663 1122 859 1177 episcopi
891 1123 935 1163 in
965 1136 1100 1176 quam
1131 1123 1324 1178 episcopi
1355 1136 1444 1164 non
1470 1127 1676 1164 tenentur
1705 1120 1958 1175 praedicare,

150 1210 201 1245 ut
235 1205 321 1246 iste
354 1204 568 1246 terminus
607 1203 848 1257 praedicare
883 1203 1097 1257 accipitur
1130 1203 1175 1244 in
1207 1216 1337 1245 sensu
1378 1217 1456 1245 seu
1490 1201 1738 1257 significato
1773 1200 1959 1251 famoso,

149 1290 305 1339 postea
336 1284 452 1326 dixit
487 1290 532 1326 et
567 1281 763 1334 asseruit,
789 1290 855 1324 ut*
873 1283 1007 1324 michi
1043 1284 1160 1325 dixit
1191 1297 1296 1325 suus
1328 1283 1596 1338 capellanus
1627 1282 1846 1337 Magister
1878 1280 1990 1334 Jo—-

148 1364 320 1406 hannes
353 1364 473 1412 Orle,
509 1364 630 1418 quod
670 1363 865 1418 episcopi
905 1369 1113 1405 tenentur
1151 1365 1402 1419 praedicare,
1438 1364 1464 1405 i.
1479 1378 1517 1405 e.
1552 1363 1761 1405 veritates
1796 1361 1958 1403 divinae

124 1446 375 1499 -scripturae
405 1443 580 1498 publice
612 1444 758 1485 dicere
788 1449 833 1485 et
863 1444 1108 1494 ostendere,
1140 1445 1219 1486 sed
1253 1458 1340 1486 non
1372 1450 1586 1496 tenentur,
1617 1449 1666 1485 ut
1698 1444 1793 1497 ipse
1828 1442 1958 1491 dixit,

148 1525 388 1580 praedicare
428 1524 562 1565 modo
602 1535 742 1578 nuper
780 1524 956 1575 usitato,
994 1538 1053 1568 sc.
1096 1525 1354 1579 accipiendo
1393 1524 1546 1567 thema
1581 1530 1626 1566 et
1666 1523 1960 1565 introduccio·

101 1642 108 1657 ,
148 1616 251 1647 nem
277 1611 323 1646 et
353 1604 612 1646 divisionem
639 1603 851 1645 thematis
872 1604 1025 1653 facere,
1049 1605 1127 1647 sed
1153 1610 1362 1648 tenentur
1389 1607 1629 1660 praedicare
1654 1605 1863 1646 veritates
1893 1603 1959 1644 di-

146 1685 263 1727 vinae
292 1685 519 1738 scripturae
547 1690 701 1739 aperte
731 1684 918 1726 dicendo
950 1691 994 1726 et
1025 1684 1303 1737 declarando,
1334 1690 1383 1727 ut
1415 1686 1532 1727 dixit
1567 1686 1687 1727 idem
1728 1684 1960 1738 episcopus

130 1765 263 1807 -eicut
292 1765 424 1807 michi
449 1765 565 1806 dixit
593 1766 828 1819 praedictus
852 1765 1063 1820 magister
1084 1765 1192 1808 Orle
1220 1779 1356 1808 sacrae
1383 1766 1620 1820 theologiae
1647 1764 1959 1814 baccalaurius,

151 1850 197 1887 et
217 1851 384 1899 postea,
408 1851 459 1887 ut
480 1844 612 1887 michi
636 1845 806 1897 dicitur,
832 1846 951 1887 idem
974 1846 1207 1900 episcopus
1236 1844 1492 1901 praedicavit
1523 1851 1567 1888 et
1597 1845 1824 1901 praedicari
1856 1844 1959 1886 fecit

150 1925 198 1965 in
224 1937 304 1967 sua
333 1925 496 1967 diocesi
527 1926 589 1967 ita
616 1927 736 1980 quod
764 1925 900 1980 aliqui
930 1926 1212 1978 mirabantur,
1239 1927 1449 1978 dicentes,
1471 1927 1726 1980 ‘episcopus
1755 1926 1839 1967 iste
1864 1924 1958 1978 jam

152 2005 362 2058 praedicat
401 2006 576 2060 publice
616 2013 665 2047 ut
681 1995 906 2048 ³ostendat
938 2006 1056 2048 facto
1096 2020 1176 2048 suo
1212 2009 1478 2048 contrarium
1520 2006 1635 2048 illius
1676 2006 1794 2060 quod
1836 2004 1956 2058 prius

153 2084 270 2127 dixit
299 2092 380 2127 su‘o
406 2081 570 2128 verbo.’

269 2170 314 2214 [p.
344 2171 436 2214 386]
493 2166 631 2208 Anno
662 2167 844 2209 Domini
884 2167 988 2221 Jesu
1031 2171 1126 2208 m¹¹¹⁰
1165 2180 1263 2208 cccc
1305 2167 1672 2222 quinquagesimo
1704 2166 1752 2221 ij⁰
1794 2171 1837 2206 et
1879 2149 1954 2217 iij0,

155 2250 355 2295 rectores,
387 2240 546 2294 vicarii,
587 2253 632 2287 et
671 2247 922 2289 sacerdotes
962 2249 1004 2288 in
1042 2246 1214 2298 Wallia,
1251 2246 1466 2289 habentes
1500 2247 1765 2289 concubinas
1806 2258 1954 2286 secum

154 2324 200 2365 in
229 2323 434 2365 domibus
460 2337 610 2367 eorum
638 2335 962 2370 commorantes
993 2328 1203 2368 dixerunt
1231 2327 1439 2382 episcopo
1470 2341 1562 2378 suo,
1583 2325 1851 2376 Meneve'nsi,
1877 2327 1903 2366 i.
1919 2339 1954 2366 e.

156 2402 308 2445 Sancti
341 2403 498 2455 David,
528 2405 622 2459 ejus
651 2420 812 2449 nomen
845 2408 927 2450 fuit
960 2408 1031 2449 De
1060 2407 1104 2448 la
1135 2407 1247 2448 Bere
1259 2405 1285 2458 ¹,
1318 2406 1383 2449 ‘O
1415 2407 1594 2449 domine
1630 2407 1846 2460 episcope,
1877 2418 1957 2447 nos

157 2483 407 2525 sacerdotes
447 2483 632 2527 diocesis
665 2493 824 2529 vestrae
865 2488 1024 2529 timore
1061 2487 1145 2528 Dei
1188 2487 1308 2529 ducti
1349 2492 1394 2529 et
1437 2492 1556 2528 metu
1593 2499 1738 2540 poenae
1778 2491 1956 2526 aeternae

156 2563 314 2604 suturae
363 2565 676 2616 peccatoribus,
726 2568 1025 2622 supplicamus
1075 2568 1330 2622 paternitati
1379 2574 1548 2617 vestrae,
1598 2571 1647 2607 ut
1695 2565 1957 2607 auctoritate

156 2649 303 2684 vestra
338 2638 595 2696 pontificali
616 2645 784 2689 faciatis
824 2662 901 2690 seu
942 2647 1217 2702 compellatis
1247 2648 1514 2690 concubinas
1550 2650 1718 2687 nostras
1755 2645 1957 2687 recedere

158 2729 203 2765 et
243 2724 286 2764 in
327 2727 587 2777 perpetuum
627 2729 815 2780 separari
855 2742 882 2770 a
922 2729 1049 2770 nobis
1093 2735 1137 2770 et
1178 2743 1204 2769 a
1244 2728 1448 2770 domibus
1490 2725 1675 2774 nostris;
1719 2739 1799 2767 nos
1838 2726 1955 2768 enim

474 2810 485 2830 ¹
509 2812 699 2856 previously
715 2813 808 2849 Dean
825 2817 865 2848 os
875 2818 991 2851 Wells.
1039 2819 1163 2860 Bishop
1179 2819 1218 2849 os
1229 2818 1260 2850 S.
1278 2818 1428 2855 David's,
1449 2814 1651 2858 1447-1460.

1020 2883 1046 2913 F
1072 2885 1094 2913 2
