2456 3210
506 213 559 255 80
1005 221 1134 256 LOCI
1169 221 1207 255 E
1245 222 1410 257 LIBRO
1458 222 1802 259 VERJTATUM.

507 362 725 403 ‘Reddite
756 375 871 416 ergo,
899 363 1252 416 praevaricatores
1280 365 1336 405 ad
1368 377 1451 415 cor,
1481 364 1507 404 i.
1521 378 1559 405 e.
1581 365 1638 406 ad
1667 364 1952 416 intellectum,
1980 366 2306 409 considerantes

505 443 625 496 quod
649 442 836 484 Sanctus
858 443 1011 485 Petrus
1042 443 1123 485 suit
1153 444 1197 485 in
1225 458 1394 486 carcere
1422 445 1592 486 vinctus
1624 445 1821 487 cathenis
1849 446 2020 487 duabus
2050 447 2165 489 inter
2194 448 2306 489 duos

506 521 693 565 milites.’
755 523 828 566 Sic
855 524 1138 578 spiritualiter
1167 526 1362 567 existens
1393 526 1437 566 in
1473 527 1643 581 magnis
1669 526 1872 580 peccatiS,
1894 533 2108 581 tanquam
2139 528 2183 569 in
2212 541 2304 570 car-

505 618 604 645 cere
633 605 828 656 miseriae,
849 611 916 646 est
945 606 1115 647 vinctus
1143 606 1312 647 duabus
1341 607 1550 656 cathenis,
1579 621 1636 649 sc.
1659 607 1910 662 ignorancia
1939 615 1984 650 et
2012 608 2306 663 impotencia;

505 686 754 739 ignorancia
782 693 848 728 est
879 687 1057 740 quando
1089 701 1176 728 non
1208 687 1412 742 intelligit
1442 687 1576 729 homo
1609 695 1775 730 statum
1807 689 1991 730 miseriae
2022 703 2113 730 suae
2143 690 2187 730 in
2218 703 2307 743 qua

506 773 584 818 est,
616 774 659 809 et
689 768 868 820 quando
908 781 995 808 non
1028 769 1274 810 considerat
1314 783 1413 822 quae
1442 783 1545 810 vera
1585 777 1697 821 sunt,
1728 771 1805 811 sed
1847 771 1985 812 credit
2024 770 2307 825 palpantibus

505 854 550 888 et
583 847 894 899 adulatoribus,
928 849 1002 902 qui
1042 849 1149 890 salse
1190 850 1271 891 sibi
1307 850 1493 904 placent,
1524 851 1599 904 qui
1635 851 1786 892 dicunt
1823 858 2051 905 peccatum
2091 865 2179 893 non
2211 864 2306 893 esse

504 935 746 981 peccatum,
772 928 842 970 vel
875 942 1057 982 parvum
1093 943 1200 980 esse,
1231 937 1276 971 et
1311 930 1495 972 faciliter
1529 931 1690 972 habere
1721 932 1894 972 veniam
1926 947 1952 974 a
1985 932 2094 983 Deo,
2126 938 2170 973 et
2206 932 2305 973 ideo

505 1023 590 1050 non
623 1010 864 1050 curandum
901 1023 996 1050 esse
1031 1011 1087 1051 de
1119 1018 1314 1064 peccato.
1389 1011 1506 1052 Item
1539 1012 1744 1065 ignorans
1779 1018 1846 1053 est
1882 1012 1956 1066 qui
1994 1018 2109 1054 errat
2145 1018 2190 1053 et
2229 1012 2306 1053 de-

503 1091 594 1131 viat
618 1105 644 1131 a
669 1105 782 1140 vero,
806 1098 850 1132 et
881 1091 1152 1133 obliviscitur
1181 1106 1231 1133 ea
1255 1093 1311 1133 ad
1338 1106 1437 1146 quae
1466 1092 1726 1143 attenderet,
1748 1099 1792 1133 et
1819 1092 1940 1134 velut
1965 1106 2106 1134 caecus
2134 1092 2307 1134 ducitur

504 1171 548 1211 in
584 1171 754 1212 foveam
791 1171 932 1225 culpae
968 1179 1012 1213 et
1047 1186 1192 1226 poenae
1229 1174 1342 1215 inter
1378 1187 1553 1215 carnem
1585 1180 1629 1215 et
1665 1173 1902 1223 diabolum,
1940 1174 2015 1227 qui
2051 1173 2133 1214 sibi
2164 1173 2305 1214 domi-

505 1259 673 1302 nantur,
711 1258 755 1293 et
787 1267 910 1294 suam
948 1253 991 1294 in
1021 1267 1073 1294 eo
1110 1262 1390 1307 exequuntur
1419 1254 1695 1296 voluntatem
1729 1260 1773 1296 et
1809 1261 2093 1308 potestatem,
2125 1260 2170 1296 et
2200 1244 2306 1295 tunc

505 1340 753 1374 excaecatur
796 1340 981 1387 utroque
1031 1334 1159 1376 oculo
1205 1349 1305 1377 cum
1353 1334 1559 1377 Sedichia
1609 1349 1723 1389 rege.
1791 1335 1901 1376 Inde
1936 1335 2110 1377 ducitur
2149 1335 2194 1375 in
2233 1334 2305 1376 via

503 1412 741 1466 voluptatis
782 1428 883 1464 suae,
923 1428 1022 1468 quae
1062 1416 1234 1456 videtur
1273 1415 1355 1456 sibi
1398 1422 1516 1457 recta
1555 1416 1636 1466 via,
1672 1416 1763 1465 sed,
1795 1421 1908 1457 teste
1939 1415 2037 1469 Job,
2070 1414 2306 1456 novissima

504 1492 598 1546 ejus
629 1494 794 1536 ducunt
830 1495 886 1536 ad
929 1502 1127 1545 mortem,
1171 1496 1250 1536 i.e.
1286 1497 1342 1537 ad
1376 1510 1532 1550 poenas
1573 1502 1770 1538 aeternas.
1829 1495 1935 1537 Alia
1977 1495 2162 1538 cathena
2202 1509 2303 1550 pec-

503 1579 652 1615 catum
689 1588 961 1628 consequens
994 1582 1060 1617 est
1096 1576 1361 1630 impotencia
1395 1590 1557 1626 eorum,
1590 1590 1688 1630 quae
1724 1576 1859 1617 homo
1889 1583 2049 1630 ageret,
2083 1581 2127 1617 et
2163 1576 2303 1630 impo-

503 1655 647 1695 tencia
687 1656 958 1708 exsequendi
1001 1662 1045 1696 et
1089 1656 1337 1710 attingendi
1379 1657 1452 1698 illa
1492 1657 1620 1708 bona,
1661 1670 1847 1710 quorum
1888 1656 2021 1698 homo
2063 1657 2107 1697 in
2149 1662 2304 1698 natura

505 1748 584 1775 sua
614 1741 681 1776 est
711 1749 880 1788 capax3
922 1736 1055 1776 homo
1088 1737 1217 1787 enim,
1252 1751 1330 1790 per
1360 1737 1543 1791 longum
1575 1750 1701 1778 usum
1734 1743 1778 1778 et
1813 1736 1993 1791 longam
2026 1737 2304 1779 consuetudi-

504 1828 606 1856 nem
648 1816 828 1868 peccati‚
871 1815 1089 1857 inducitur
1137 1817 1180 1857 in
1226 1818 1533 1859 difficultatem
1580 1823 1751 1859 tantam
1797 1817 1912 1868 boni,
1953 1823 1998 1859 et
2044 1819 2087 1858 in
2131 1823 2303 1859 tantam

504 1895 772 1948 pronitatem
814 1896 930 1944 mali,
968 1896 1086 1948 quod
1128 1897 1301 1938 videtur
1341 1898 1577 1939 necessitas
1617 1897 1674 1939 ad
1711 1898 1994 1950 peccandum,
2026 1904 2070 1939 et
2106 1897 2303 1939 carencia

503 1976 736 2028 potestatis
758 1976 814 2016 ad
841 1976 1142 2027 resistendum,
1163 1977 1234 2018 vel
1262 1978 1319 2018 ad
1343 1978 1614 2019 redeundum
1637 1991 1663 2018 a
1685 1976 1801 2018 malo
1819 1991 1829 2028 ;
1859 1978 1915 2018 de
1936 1991 2023 2031 qua
2044 1977 2304 2019 necessitate

503 2056 696 2109 loquitur
720 2055 947 2110 propheta,
970 2069 1070 2097 cum
1091 2058 1147 2098 ad
1171 2057 1414 2099 Dominum
1436 2064 1544 2109 orat,
1566 2060 1575 2077 ‘
1590 2057 1660 2098 De
1686 2058 2019 2099 necessitatibus
2041 2059 2160 2107 meis,
2184 2057 2302 2111 eripe

504 2149 586 2186 me,
613 2135 852 2178 Domine?
911 2135 1037 2177 Tunc
1069 2151 1244 2179 necesse
1275 2146 1342 2180 est
1373 2144 1422 2179 ut
1452 2132 1605 2179 oracio
1628 2137 1706 2179 fiat
1735 2138 1792 2179 ab
1821 2138 2015 2188 ecclesia,
2045 2145 2090 2180 et
2120 2153 2147 2180 a
2174 2137 2301 2179 bonis

502 2216 615 2267 viris,
655 2217 758 2270 quia
811 2230 997 2270 magnus
1041 2224 1246 2270 peccator
1296 2225 1363 2260 est
1413 2218 1456 2259 in
1502 2230 1673 2259 carcere
1719 2218 1903 2259 miseriae
1948 2219 2030 2260 sub
2080 2223 2302 2272 potestate

505 2295 728 2346 Sathanae‚
765 2297 877 2338 sicut
914 2295 1104 2338 Sanctus
1147 2297 1300 2339 Petrus
1340 2298 1421 2339 fuit
1456 2298 1499 2338 in
1539 2310 1709 2339 carcere
1749 2298 1962 2351 corporali
2003 2298 2084 2339 sub
2119 2297 2301 2339 Herode

501 2377 639 2430 impio
672 2390 791 2431 rege.
852 2375 1009 2418 Clama
1043 2390 1158 2430 ergo,
1197 2378 1322 2427 educ,
1360 2377 1577 2419 Domine!
1623 2378 1679 2418 de
1715 2390 1884 2419 carcere
1924 2378 2117 2419 animam
2155 2365 2299 2419 meam

503 2463 552 2498 ut
592 2457 852 2498 confiteatur
892 2469 1054 2509 magna
1099 2463 1175 2497 tua
1215 2471 1362 2511 opera.
1440 2457 1657 2498 Domine!
1700 2458 1827 2511 periit
1864 2457 1967 2512 fuga
2007 2471 2034 2499 a
2074 2471 2157 2508 me,
2197 2457 2300 2510 quia

503 2536 594 2577 sine
625 2538 771 2590 gracia
799 2542 875 2578 tua
906 2549 1081 2590 surgere
1110 2550 1279 2590 nequeo
1305 2550 1384 2578 nec
1411 2535 1559 2577 lumen
1587 2536 1685 2577 coeli
1716 2538 1874 2587 videre,
1902 2545 1945 2579 et
1973 2544 2077 2579 tunc
2104 2536 2297 2590 angelus,

504 2616 529 2656 i.
546 2630 581 2658 e.
613 2617 794 2658 nuncius
827 2615 984 2670 graciae
1017 2616 1114 2666 Dei,
1150 2616 1338 2669 percutit
1374 2615 1551 2656 Petrum
1585 2616 1628 2656 in
1664 2616 1812 2667 latere,
1850 2618 1875 2659 i.
1893 2631 1930 2659 e.
1962 2617 2004 2658 in
2042 2617 2184 2665 corde,
2221 2630 2297 2657 seu

504 2695 546 2735 in
586 2703 744 2746 mente,
781 2698 897 2738 dona
929 2696 1012 2737 Dei
1045 2702 1089 2736 et
1123 2695 1333 2737 beneficia
1366 2696 1501 2736 menti
1543 2696 1804 2747 reducendo,
1839 2705 1883 2739 et
1925 2696 2180 2738 memoriam
2217 2695 2297 2737 Xti

503 2776 619 2827 passi
661 2778 795 2818 menti
838 2775 1141 2830 imprimendo,
1185 2781 1227 2816 et
1270 2781 1373 2816 tunc
1415 2775 1551 2829 surgit
1601 2775 1764 2826 Petrus,
1808 2777 1833 2818 i.
1857 2791 1891 2819 e.
1943 2783 2156 2830 peccator,
2197 2788 2298 2816 vere
