2456 3210
591 237 726 275 LOCI
756 236 798 272 E
835 235 1003 272 LIBRO
1047 235 1395 272 VERITATUM.
1844 237 1899 285 97

98 381 396 436 respondebat
428 381 528 423 filiis
558 380 763 430 Zebedei,
793 379 1007 421 honorem
1040 385 1262 421 terrenum
1298 378 1563 432 petentibus,
1600 378 1772 420 Mathei
1806 383 1892 428 20⁰,

99 461 344 515 ‘Nescitisj
380 462 534 517 inquit,
569 461 699 516 ‘quid
738 461 929 516 petatis3
972 460 1153 502 calicem
1185 460 1366 514 quidem
1400 474 1549 501 meum
1593 457 1784 509 bibetis,’
1816 459 1842 501 i.
1858 473 1895 500 e.

97 556 279 599 poenam
318 543 549 597 praevisam
583 555 664 596 per
702 555 775 582 me
813 541 1112 591 sustinebitis3
1157 542 1167 561 ‘
1182 540 1336 582 sedere
1372 546 1523 582 autem
1562 540 1621 581 ad
1661 540 1896 581 dexteram

98 637 246 665 meam
263 622 335 665 vel
355 624 413 665 ad
433 622 653 664 sinistram
678 635 768 663 non
792 627 861 663 est
882 635 1030 662 meum
1050 621 1156 676 dare
1176 619 1326 671 vobis,’
1348 621 1411 662 sic
1439 620 1663 674 dispositis
1684 627 1733 661 ut
1763 621 1898 661 modo

97 703 216 754 oetis,
235 703 337 745 ‘sed
358 703 517 758 quibus
541 708 746 757 paratum
766 707 832 743 est
852 715 880 742 a
900 701 1031 743 Patre
1051 699 1177 752 meo‚’
1207 703 1233 743 i.
1247 715 1284 743 e.
1316 701 1399 742 illis
1420 702 1495 755 qui
1520 715 1600 755 per
1618 701 1721 742 vitae
1744 701 1898 742 merita

99 783 208 825 illud
239 788 500 834 meruerunt,
518 789 569 824 ut
597 787 784 824 testatur
811 788 990 823 sanctus
1021 782 1177 823 doctor
1203 782 1465 835 Jeronimus,
1495 782 1538 822 in
1566 779 1898 822 Commentario

97 877 181 906 suo
212 877 345 919 super
373 862 604 905 Matheum
643 866 715 904 ca⁰
753 861 960 903 vicesimo
995 868 1161 911 textus,
1197 862 1302 916 quia
1345 861 1702 903 Commentarius
1742 860 1895 903 Sancti

97 943 311 998 Jeronimi
330 956 419 985 non
438 941 575 985 habet
592 941 784 997 capitula
814 942 896 982 nisi
927 942 1171 984 secundum
1194 942 1394 983 ordinem
1415 941 1709 996 capitulorum
1730 948 1897 983 textus.

98 1026 111 1045 ‘
124 1020 343 1074 Domine‚'
362 1023 504 1078 inquit
524 1023 689 1074 Petrus,
702 1025 713 1042 ‘
727 1022 912 1064 ostende
932 1036 1065 1076 quem
1086 1028 1135 1064 tu
1153 1022 1325 1077 eligeris
1341 1020 1365 1073 ;'
1387 1027 1433 1063 et
1452 1021 1650 1064 Actuum
1671 1019 1753 1075 xj0,
1775 1025 1786 1042 ‘
1800 1022 1899 1076 Ego

99 1104 199 1159 quis
219 1117 351 1156 eram,
370 1103 446 1158 qui
469 1116 650 1158 possum
668 1102 900 1156 prohibere
921 1101 1193 1144 Dominum?
1208 1102 1218 1120 ’
1245 1103 1272 1144 i.
1286 1116 1324 1144 e.
1356 1117 1444 1144 non
1466 1116 1647 1157 possum
1668 1102 1901 1156 prohibere

99 1185 372 1233 Dominum;
410 1189 467 1236 et,
486 1184 600 1226 sicut
630 1181 821 1225 Sanctus
848 1182 1003 1223 Petrus
1034 1183 1156 1237 Papa
1186 1197 1274 1224 non
1304 1183 1449 1237 potuit
1478 1182 1711 1236 prohibere
1739 1197 1766 1224 a
1799 1183 1901 1224 Deo

99 1264 297 1316 volitum,
335 1264 398 1306 sic
438 1277 528 1306 non
570 1263 716 1318 potuit
754 1262 1018 1317 compellere
1059 1263 1207 1305 Deum
1247 1263 1305 1304 ad
1345 1262 1599 1305 volendum.
1681 1262 1899 1315 Concede,

101 1344 296 1387 Domine
321 1343 428 1398 Joeu
458 1341 579 1386 Xte!
620 1350 671 1385 ut
705 1343 911 1385 dominus
944 1343 1065 1397 Papa
1099 1358 1219 1398 saepe
1254 1344 1299 1385 in
1336 1350 1484 1385 mente
1519 1343 1732 1397 recogitet
1764 1344 1899 1385 verba

98 1425 326 1479 scripturae
353 1438 489 1467 sacrae
521 1424 716 1466 secundo
743 1424 1111 1479 Paralipomenon
1142 1429 1213 1478 19⁰
1239 1429 1335 1474 ca⁰.,
1369 1423 1554 1466 ‘Videte
1584 1425 1691 1478 quid
1718 1424 1898 1476 faciatis,

99 1519 191 1549 non
216 1505 336 1548 enim
363 1505 555 1548 hominis
584 1505 802 1547 exercetis
828 1504 1057 1559 judicium,
1082 1505 1161 1547 sed
1192 1505 1293 1556 Dei,
1333 1512 1379 1547 et
1408 1505 1704 1559 quodcunque
1728 1505 1898 1559 judica-

98 1586 248 1630 veritis
276 1586 322 1628 in
340 1600 422 1628 vos
444 1585 737 1638 redundabit3
768 1585 825 1627 sit
855 1585 989 1627 timor
1008 1586 1190 1627 Domini
1210 1586 1436 1628 vobiscum
1469 1593 1514 1628 et
1544 1600 1644 1627 cum
1665 1586 1899 1641 diligencia

100 1673 263 1710 cuncta
289 1667 432 1719 facite,
451 1681 540 1709 non
570 1673 639 1709 est
668 1667 786 1708 enim
816 1667 935 1721 apud
969 1667 1116 1708 Deum
1148 1667 1368 1721 iniquitas,
1396 1681 1477 1709 nec
1508 1681 1794 1721 personarum
1827 1682 1900 1709 ac-

99 1748 264 1803 cepcio,
279 1763 361 1791 nec
379 1749 541 1804 cupido
559 1747 817 1790 munerum?
859 1748 972 1789 Haec
993 1747 1067 1788 ibi.
1101 1750 1112 1768 ‘
1125 1748 1169 1789 N
1172 1746 1255 1799 on,’
1276 1747 1430 1802 inquit,
1446 1749 1686 1790 ‘exercetis
1706 1749 1899 1790 hominis

97 1829 322 1884 judicium,
342 1830 419 1871 sed
441 1827 557 1880 Dei:
580 1829 627 1871 id
656 1835 736 1880 est,
767 1829 812 1870 id
834 1829 954 1882 quod
978 1828 1185 1882 judicatis
1216 1842 1315 1869 non·
1336 1834 1452 1870 esset
1481 1829 1722 1870 secundum
1744 1829 1898 1870 volun-

101 1916 243 1952 tatem
260 1909 499 1960 hominum,
515 1911 593 1952 sed
613 1909 855 1952 secundum
871 1908 1085 1962 judicium
1103 1909 1188 1950 Dei
1204 1909 1462 1963 judicatum.
1513 1910 1579 1951 Ut
1594 1910 1651 1951 sit
1672 1910 1896 1951 conforme

101 1989 318 2033 voluntati
347 1991 519 2042 divinae,
550 1989 592 2032 O
624 1991 822 2032 Domine
850 1988 1002 2031 Deus!
1037 1991 1229 2032 concede
1258 1997 1308 2032 ut
1336 1991 1522 2032 vicarius
1554 1997 1656 2033 tuus
1688 1991 1732 2032 in
1763 1991 1898 2041 terris,

102 2070 331 2112 Romanus
357 2071 571 2124 pontifex,
593 2072 637 2113 in
668 2072 855 2113 decretis
885 2070 1078 2118 edendis,
1100 2077 1146 2112 et
1175 2072 1219 2112 in
1247 2071 1582 2125 praesidentibus
1608 2077 1654 2113 et
1681 2071 1897 2124 episcopis

99 2149 366 2202 ordinandis,
384 2156 431 2192 et
448 2151 740 2206 providendis,
762 2158 807 2193 et
833 2151 878 2192 in
901 2151 1306 2205 dispensacionibus
1326 2158 1372 2193 et
1391 2152 1581 2194 licenciis
1602 2151 1895 2193 concedendis

99 2230 172 2272 vel
201 2231 425 2285 negandis,
444 2245 547 2274 vera
575 2239 725 2274 mente
754 2238 799 2274 et
829 2238 948 2273 recto
978 2231 1063 2272 Dei
1090 2231 1186 2273 zelo
1214 2233 1477 2286 respondeat
1507 2231 1581 2273 illa
1601 2232 1736 2272 verba
1759 2231 1894 2284 scrip·

101 2317 214 2352 turae
244 2323 391 2362 ὥστε,
419 2311 602 2354 Numeri
633 2317 721 2363 22⁰,
753 2311 826 2354 ‘Si
861 2312 986 2354 dedit
1017 2312 1149 2354 michi
1180 2312 1315 2355 Balac
1344 2314 1527 2355 domum
1560 2326 1685 2354 suam
1718 2312 1893 2365 plenam

103 2391 197 2434 auri
232 2396 279 2433 et
315 2392 484 2446 argenti
522 2406 612 2435 non
649 2407 832 2448 possum
872 2393 1106 2434 immutare
1139 2394 1322 2436 verbum
1358 2394 1540 2436 Domini
1584 2393 1668 2435 Dei
1715 2393 1812 2441 mei,
1844 2400 1894 2434 ut

100 2472 173 2514 vel
210 2471 311 2526 plus
347 2471 419 2513 vel
457 2472 600 2515 minus
631 2472 815 2528 loquar.’
894 2474 1132 2517 Sentencia
1171 2475 1289 2516 enim
1330 2475 1463 2530 Papae
1505 2481 1619 2516 esset
1660 2473 1894 2515 conformis

100 2552 264 2607 judicio
293 2558 341 2594 et
367 2553 602 2595 sentenciae
624 2554 723 2606 Dei,
743 2562 789 2597 et
817 2555 929 2603 ideo,
953 2555 1066 2596 sicut
1096 2554 1280 2609 Moyses
1310 2555 1557 2597 recurrebat
1587 2555 1630 2594 in
1661 2553 1806 2594 dubiis
1835 2554 1893 2594 ad

100 2631 281 2674 archam
313 2632 579 2683 testamenti,
605 2639 656 2675 ut
688 2635 881 2676 divinam
913 2634 1182 2676 sentenciam
1217 2635 1262 2676 in
1297 2636 1442 2677 dubiis
1477 2634 1559 2676 sibi
1595 2634 1893 2687 interrogaret,

98 2712 164 2754 sic
202 2711 285 2753 Xti
321 2711 507 2753 vicarius
548 2712 593 2753 in
625 2714 751 2756 terris
782 2715 1010 2770 scripturae
1049 2728 1184 2757 sacrae
1221 2716 1428 2757 veritates
1469 2720 1512 2755 et
1553 2709 1805 2754 sanctorum
1844 2719 1893 2755 et

100 2804 362 2845 magnorum
402 2791 633 2834 doctorum
674 2793 1012 2849 explanaciones
1061 2802 1106 2837 et
1145 2795 1467 2838 declaraciones
1507 2793 1690 2847 limpido
1731 2794 1892 2836 mentis

982 2872 1014 2904 O
