<?xml version="1.0" encoding="UTF-8"?>
<!DOCTYPE html PUBLIC "-//W3C//DTD XHTML 1.0 Transitional//EN"
    "http://www.w3.org/TR/xhtml1/DTD/xhtml1-transitional.dtd">
<html xmlns="http://www.w3.org/1999/xhtml" xml:lang="en" lang="en">
 <head>
  <title>
</title>
<meta http-equiv="Content-Type" content="text/html;charset=utf-8" />
  <meta name='ocr-system' content='tesseract 3.04.00' />
  <meta name='ocr-capabilities' content='ocr_page ocr_carea ocr_par ocr_line ocrx_word'/>
</head>
<body>
  <div class='ocr_page' id='page_1' title='image "./locielibroverita00gascuoft_0149.png"; bbox 0 0 2456 3210; ppageno 0'>
   <div class='ocr_carea' id='block_1_1' title="bbox 642 252 1946 304">
    <p class='ocr_par' dir='ltr' id='par_1_1' title="bbox 642 252 1946 304">
     <span class='ocr_line' id='line_1_1' title="bbox 642 252 1946 304; baseline 0.005 -18"><span class='ocrx_word' id='word_1_1' title='bbox 642 252 774 287; x_wconf 81' lang='lat' dir='ltr'><em>LOCJ</em></span> <span class='ocrx_word' id='word_1_2' title='bbox 808 252 848 287; x_wconf 93' lang='lat' dir='ltr'><em>E</em></span> <span class='ocrx_word' id='word_1_3' title='bbox 886 253 1051 288; x_wconf 85' lang='lat' dir='ltr'><em>LIBRO</em></span> <span class='ocrx_word' id='word_1_4' title='bbox 1098 253 1440 291; x_wconf 44' lang='lat' dir='ltr'>VERJTATLJ&#39;M.</span> <span class='ocrx_word' id='word_1_5' title='bbox 1891 261 1946 304; x_wconf 90' lang='lat'>47</span> 
     </span>
    </p>
   </div>
   <div class='ocr_carea' id='block_1_2' title="bbox 139 391 1983 2858">
    <p class='ocr_par' dir='ltr' id='par_1_2' title="bbox 139 391 1947 2052">
     <span class='ocr_line' id='line_1_2' title="bbox 143 391 1947 447; baseline 0.003 -12"><span class='ocrx_word' id='word_1_6' title='bbox 143 391 383 441; x_wconf 81' lang='lat' dir='ltr'>Trinitatis,</span> <span class='ocrx_word' id='word_1_7' title='bbox 410 393 491 436; x_wconf 88' lang='lat' dir='ltr'>fuit</span> <span class='ocrx_word' id='word_1_8' title='bbox 525 402 801 436; x_wconf 87' lang='lat' dir='ltr'>consecratus</span> <span class='ocrx_word' id='word_1_9' title='bbox 831 396 875 437; x_wconf 87' lang='lat' dir='ltr'>in</span> <span class='ocrx_word' id='word_1_10' title='bbox 903 397 1190 447; x_wconf 85' lang='lat' dir='ltr'>sacerdotem,</span> <span class='ocrx_word' id='word_1_11' title='bbox 1212 402 1257 438; x_wconf 91' lang='lat' dir='ltr'>et</span> <span class='ocrx_word' id='word_1_12' title='bbox 1288 397 1332 437; x_wconf 91' lang='lat' dir='ltr'>in</span> <span class='ocrx_word' id='word_1_13' title='bbox 1361 397 1474 438; x_wconf 86' lang='lat' dir='ltr'>festo</span> <span class='ocrx_word' id='word_1_14' title='bbox 1509 396 1624 438; x_wconf 89' lang='lat' dir='ltr'>illius</span> <span class='ocrx_word' id='word_1_15' title='bbox 1646 396 1947 440; x_wconf 74' lang='lat' dir='ltr'>Sanctissimae</span> 
     </span>
     <span class='ocr_line' id='line_1_3' title="bbox 143 472 1946 531; baseline 0.003 -16"><span class='ocrx_word' id='word_1_16' title='bbox 143 472 372 516; x_wconf 86' lang='lat' dir='ltr'>Trinitatis</span> <span class='ocrx_word' id='word_1_17' title='bbox 414 474 496 516; x_wconf 89' lang='lat' dir='ltr'>fuit</span> <span class='ocrx_word' id='word_1_18' title='bbox 532 481 814 517; x_wconf 85' lang='lat' dir='ltr'>&#39;consecratus</span> <span class='ocrx_word' id='word_1_19' title='bbox 858 477 903 517; x_wconf 92' lang='lat' dir='ltr'>in</span> <span class='ocrx_word' id='word_1_20' title='bbox 944 477 1211 531; x_wconf 90' lang='lat' dir='ltr'>episcopum,</span> <span class='ocrx_word' id='word_1_21' title='bbox 1263 483 1308 519; x_wconf 92' lang='lat' dir='ltr'>et</span> <span class='ocrx_word' id='word_1_22' title='bbox 1357 477 1403 518; x_wconf 93' lang='lat' dir='ltr'>in</span> <span class='ocrx_word' id='word_1_23' title='bbox 1447 478 1635 519; x_wconf 86' lang='lat' dir='ltr'>crastino</span> <span class='ocrx_word' id='word_1_24' title='bbox 1685 478 1800 520; x_wconf 90' lang='lat' dir='ltr'>illius</span> <span class='ocrx_word' id='word_1_25' title='bbox 1846 479 1946 521; x_wconf 87' lang='lat' dir='ltr'>festi</span> 
     </span>
     <span class='ocr_line' id='line_1_4' title="bbox 144 552 1947 611; baseline 0.002 -12"><span class='ocrx_word' id='word_1_26' title='bbox 144 552 443 599; x_wconf 68' lang='lat' dir='ltr'>Sanctissimae</span> <span class='ocrx_word' id='word_1_27' title='bbox 478 554 718 605; x_wconf 82' lang='lat' dir='ltr'>Trinitatis,</span> <span class='ocrx_word' id='word_1_28' title='bbox 759 569 818 597; x_wconf 90' lang='lat' dir='ltr'>sc.</span> <span class='ocrx_word' id='word_1_29' title='bbox 859 556 903 597; x_wconf 91' lang='lat' dir='ltr'>in</span> <span class='ocrx_word' id='word_1_30' title='bbox 939 557 1012 598; x_wconf 87' lang='lat' dir='ltr'>die</span> <span class='ocrx_word' id='word_1_31' title='bbox 1052 557 1204 609; x_wconf 86' lang='lat' dir='ltr'>Lunae,</span> <span class='ocrx_word' id='word_1_32' title='bbox 1240 557 1360 599; x_wconf 90' lang='lat' dir='ltr'>idem</span> <span class='ocrx_word' id='word_1_33' title='bbox 1397 558 1561 600; x_wconf 86' lang='lat' dir='ltr'>Beatus</span> <span class='ocrx_word' id='word_1_34' title='bbox 1594 558 1804 611; x_wconf 81' lang='lat' dir='ltr'>Thomas,</span> <span class='ocrx_word' id='word_1_35' title='bbox 1841 566 1947 602; x_wconf 90' lang='lat' dir='ltr'>tunc</span> 
     </span>
     <span class='ocr_line' id='line_1_5' title="bbox 145 633 1947 693; baseline 0.002 -15"><span class='ocrx_word' id='word_1_36' title='bbox 145 633 471 678; x_wconf 86' lang='lat' dir='ltr'>Cantuariensis</span> <span class='ocrx_word' id='word_1_37' title='bbox 502 635 863 690; x_wconf 89' lang='lat' dir='ltr'>archiepiscopus,</span> <span class='ocrx_word' id='word_1_38' title='bbox 898 637 1089 691; x_wconf 85' lang='lat' dir='ltr'>sigillum</span> <span class='ocrx_word' id='word_1_39' title='bbox 1124 638 1293 693; x_wconf 81' lang='lat' dir='ltr'>regium</span> <span class='ocrx_word' id='word_1_40' title='bbox 1325 638 1444 692; x_wconf 92' lang='lat' dir='ltr'>quod</span> <span class='ocrx_word' id='word_1_41' title='bbox 1478 640 1573 693; x_wconf 90' lang='lat' dir='ltr'>ipse</span> <span class='ocrx_word' id='word_1_42' title='bbox 1610 640 1804 693; x_wconf 91' lang='lat' dir='ltr'>portavit</span> <span class='ocrx_word' id='word_1_43' title='bbox 1844 654 1947 682; x_wconf 90' lang='lat' dir='ltr'>can-</span> 
     </span>
     <span class='ocr_line' id='line_1_6' title="bbox 143 715 1945 774; baseline 0.002 -15"><span class='ocrx_word' id='word_1_44' title='bbox 143 715 344 759; x_wconf 88' lang='lat' dir='ltr'>cellarius</span> <span class='ocrx_word' id='word_1_45' title='bbox 383 715 562 771; x_wconf 87' lang='lat' dir='ltr'>Angliae</span> <span class='ocrx_word' id='word_1_46' title='bbox 602 717 720 758; x_wconf 86' lang='lat' dir='ltr'>misit</span> <span class='ocrx_word' id='word_1_47' title='bbox 767 717 857 770; x_wconf 86' lang='lat' dir='ltr'>regi</span> <span class='ocrx_word' id='word_1_48' title='bbox 900 717 1094 760; x_wconf 90' lang='lat' dir='ltr'>Henrico</span> <span class='ocrx_word' id='word_1_49' title='bbox 1130 716 1187 769; x_wconf 84' lang='lat'>2⁰,</span> <span class='ocrx_word' id='word_1_50' title='bbox 1227 725 1334 761; x_wconf 90' lang='lat' dir='ltr'>tunc</span> <span class='ocrx_word' id='word_1_51' title='bbox 1380 720 1471 774; x_wconf 88' lang='lat' dir='ltr'>regi</span> <span class='ocrx_word' id='word_1_52' title='bbox 1510 719 1701 774; x_wconf 86' lang='lat' dir='ltr'>Angliae,</span> <span class='ocrx_word' id='word_1_53' title='bbox 1742 727 1786 762; x_wconf 91' lang='lat' dir='ltr'>et</span> <span class='ocrx_word' id='word_1_54' title='bbox 1837 720 1945 763; x_wconf 91' lang='lat' dir='ltr'>illud</span> 
     </span>
     <span class='ocr_line' id='line_1_7' title="bbox 142 795 1946 856; baseline 0.003 -18"><span class='ocrx_word' id='word_1_55' title='bbox 142 796 333 838; x_wconf 87' lang='lat' dir='ltr'>officium</span> <span class='ocrx_word' id='word_1_56' title='bbox 370 796 713 839; x_wconf 87' lang='lat' dir='ltr'>Cancellariatus</span> <span class='ocrx_word' id='word_1_57' title='bbox 747 795 927 852; x_wconf 85' lang='lat' dir='ltr'>Angliae</span> <span class='ocrx_word' id='word_1_58' title='bbox 963 798 1130 840; x_wconf 89' lang='lat' dir='ltr'>dimisit</span> <span class='ocrx_word' id='word_1_59' title='bbox 1164 805 1210 841; x_wconf 92' lang='lat' dir='ltr'>et</span> <span class='ocrx_word' id='word_1_60' title='bbox 1245 800 1526 848; x_wconf 88' lang='lat' dir='ltr'>renunciavit,</span> <span class='ocrx_word' id='word_1_61' title='bbox 1560 802 1711 843; x_wconf 90' lang='lat' dir='ltr'>dicens</span> <span class='ocrx_word' id='word_1_62' title='bbox 1751 801 1946 856; x_wconf 90' lang='lat' dir='ltr'>seipsum</span> 
     </span>
     <span class='ocr_line' id='line_1_8' title="bbox 143 876 1947 935; baseline 0.003 -18"><span class='ocrx_word' id='word_1_63' title='bbox 143 876 399 931; x_wconf 89' lang='lat' dir='ltr'>episcopum</span> <span class='ocrx_word' id='word_1_64' title='bbox 438 891 526 918; x_wconf 92' lang='lat' dir='ltr'>non</span> <span class='ocrx_word' id='word_1_65' title='bbox 566 891 696 931; x_wconf 89' lang='lat' dir='ltr'>posse</span> <span class='ocrx_word' id='word_1_66' title='bbox 735 878 879 919; x_wconf 88' lang='lat' dir='ltr'>officio</span> <span class='ocrx_word' id='word_1_67' title='bbox 920 885 965 920; x_wconf 91' lang='lat' dir='ltr'>et</span> <span class='ocrx_word' id='word_1_68' title='bbox 1005 879 1157 921; x_wconf 88' lang='lat' dir='ltr'>debito</span> <span class='ocrx_word' id='word_1_69' title='bbox 1196 879 1312 922; x_wconf 90' lang='lat' dir='ltr'>illius</span> <span class='ocrx_word' id='word_1_70' title='bbox 1351 879 1751 935; x_wconf 85' lang='lat' dir='ltr'>archiepiscopatus</span> <span class='ocrx_word' id='word_1_71' title='bbox 1796 882 1947 924; x_wconf 88' lang='lat' dir='ltr'>debite</span> 
     </span>
     <span class='ocr_line' id='line_1_9' title="bbox 141 957 1946 1015; baseline 0.003 -18"><span class='ocrx_word' id='word_1_72' title='bbox 141 970 308 1008; x_wconf 87' lang='lat' dir='ltr'>vacare,</span> <span class='ocrx_word' id='word_1_73' title='bbox 328 957 408 998; x_wconf 89' lang='lat' dir='ltr'>nisi</span> <span class='ocrx_word' id='word_1_74' title='bbox 439 957 682 999; x_wconf 88' lang='lat' dir='ltr'>dimitteret</span> <span class='ocrx_word' id='word_1_75' title='bbox 711 958 901 999; x_wconf 86' lang='lat' dir='ltr'>officium</span> <span class='ocrx_word' id='word_1_76' title='bbox 926 958 1270 1001; x_wconf 88' lang='lat' dir='ltr'>Cancellariatus</span> <span class='ocrx_word' id='word_1_77' title='bbox 1291 959 1483 1014; x_wconf 82' lang='lat' dir='ltr'>Angliae,</span> <span class='ocrx_word' id='word_1_78' title='bbox 1507 975 1565 1002; x_wconf 85' lang='lat' dir='ltr'>ex</span> <span class='ocrx_word' id='word_1_79' title='bbox 1596 975 1686 1015; x_wconf 90' lang='lat' dir='ltr'>quo</span> <span class='ocrx_word' id='word_1_80' title='bbox 1716 961 1834 1004; x_wconf 86' lang='lat' dir='ltr'>facto</span> <span class='ocrx_word' id='word_1_81' title='bbox 1865 976 1946 1003; x_wconf 87' lang='lat' dir='ltr'>rex</span> 
     </span>
     <span class='ocr_line' id='line_1_10' title="bbox 141 1036 1946 1094; baseline 0.003 -16"><span class='ocrx_word' id='word_1_82' title='bbox 141 1036 320 1091; x_wconf 82' lang='lat' dir='ltr'>Angliae</span> <span class='ocrx_word' id='word_1_83' title='bbox 367 1038 502 1079; x_wconf 89' lang='lat' dir='ltr'>iratus</span> <span class='ocrx_word' id='word_1_84' title='bbox 541 1037 624 1080; x_wconf 87' lang='lat' dir='ltr'>fuit</span> <span class='ocrx_word' id='word_1_85' title='bbox 672 1044 826 1080; x_wconf 83' lang='lat' dir='ltr'>contra</span> <span class='ocrx_word' id='word_1_86' title='bbox 868 1038 1082 1081; x_wconf 88' lang='lat' dir='ltr'>Sanctum</span> <span class='ocrx_word' id='word_1_87' title='bbox 1122 1039 1358 1091; x_wconf 90' lang='lat' dir='ltr'>Thomam,</span> <span class='ocrx_word' id='word_1_88' title='bbox 1402 1042 1477 1094; x_wconf 92' lang='lat' dir='ltr'>qui</span> <span class='ocrx_word' id='word_1_89' title='bbox 1515 1041 1706 1083; x_wconf 88' lang='lat' dir='ltr'>Sanctus</span> <span class='ocrx_word' id='word_1_90' title='bbox 1745 1042 1946 1084; x_wconf 91' lang='lat' dir='ltr'>Thomas</span> 
     </span>
     <span class='ocr_line' id='line_1_11' title="bbox 141 1117 1946 1176; baseline 0.003 -17"><span class='ocrx_word' id='word_1_91' title='bbox 141 1117 285 1159; x_wconf 88' lang='lat' dir='ltr'>nullos</span> <span class='ocrx_word' id='word_1_92' title='bbox 319 1117 449 1160; x_wconf 89' lang='lat' dir='ltr'>solvit</span> <span class='ocrx_word' id='word_1_93' title='bbox 480 1118 646 1173; x_wconf 88' lang='lat' dir='ltr'>primos</span> <span class='ocrx_word' id='word_1_94' title='bbox 686 1118 853 1160; x_wconf 90' lang='lat' dir='ltr'>fructus</span> <span class='ocrx_word' id='word_1_95' title='bbox 885 1133 961 1160; x_wconf 91' lang='lat' dir='ltr'>seu</span> <span class='ocrx_word' id='word_1_96' title='bbox 1002 1127 1195 1162; x_wconf 90' lang='lat' dir='ltr'>annuata</span> <span class='ocrx_word' id='word_1_97' title='bbox 1235 1134 1365 1175; x_wconf 86' lang='lat' dir='ltr'>papae</span> <span class='ocrx_word' id='word_1_98' title='bbox 1406 1122 1626 1172; x_wconf 91' lang='lat' dir='ltr'>Romano,</span> <span class='ocrx_word' id='word_1_99' title='bbox 1656 1123 1759 1176; x_wconf 91' lang='lat' dir='ltr'>quia</span> <span class='ocrx_word' id='word_1_100' title='bbox 1801 1123 1946 1164; x_wconf 84' lang='lat' dir='ltr'>nullus</span> 
     </span>
     <span class='ocr_line' id='line_1_12' title="bbox 142 1198 1945 1257; baseline 0.003 -18"><span class='ocrx_word' id='word_1_101' title='bbox 142 1198 372 1252; x_wconf 89' lang='lat' dir='ltr'>episcopus</span> <span class='ocrx_word' id='word_1_102' title='bbox 420 1204 619 1253; x_wconf 90' lang='lat' dir='ltr'>tempore</span> <span class='ocrx_word' id='word_1_103' title='bbox 670 1199 744 1240; x_wconf 93' lang='lat' dir='ltr'>illo</span> <span class='ocrx_word' id='word_1_104' title='bbox 786 1199 938 1241; x_wconf 86' lang='lat' dir='ltr'>Sancti</span> <span class='ocrx_word' id='word_1_105' title='bbox 979 1199 1168 1241; x_wconf 84' lang='lat' dir='ltr'>Thomae</span> <span class='ocrx_word' id='word_1_106' title='bbox 1219 1200 1549 1243; x_wconf 89' lang='lat' dir='ltr'>Cantuariensis</span> <span class='ocrx_word' id='word_1_107' title='bbox 1599 1202 1729 1244; x_wconf 89' lang='lat' dir='ltr'>solvit</span> <span class='ocrx_word' id='word_1_108' title='bbox 1780 1204 1945 1257; x_wconf 88' lang='lat' dir='ltr'>primos</span> 
     </span>
     <span class='ocr_line' id='line_1_13' title="bbox 140 1277 1946 1337; baseline 0.003 -18"><span class='ocrx_word' id='word_1_109' title='bbox 140 1277 303 1320; x_wconf 85' lang='lat' dir='ltr'>fructus</span> <span class='ocrx_word' id='word_1_110' title='bbox 332 1292 408 1320; x_wconf 89' lang='lat' dir='ltr'>seu</span> <span class='ocrx_word' id='word_1_111' title='bbox 433 1286 626 1321; x_wconf 89' lang='lat' dir='ltr'>annuata</span> <span class='ocrx_word' id='word_1_112' title='bbox 652 1293 781 1334; x_wconf 88' lang='lat' dir='ltr'>papae</span> <span class='ocrx_word' id='word_1_113' title='bbox 803 1279 1022 1330; x_wconf 90' lang='lat' dir='ltr'>Romano,</span> <span class='ocrx_word' id='word_1_114' title='bbox 1043 1294 1124 1321; x_wconf 94' lang='lat' dir='ltr'>nec</span> <span class='ocrx_word' id='word_1_115' title='bbox 1154 1287 1298 1322; x_wconf 91' lang='lat' dir='ltr'>antea.</span> <span class='ocrx_word' id='word_1_116' title='bbox 1351 1281 1511 1323; x_wconf 89' lang='lat' dir='ltr'>Postea</span> <span class='ocrx_word' id='word_1_117' title='bbox 1539 1288 1645 1323; x_wconf 89' lang='lat' dir='ltr'>tunc</span> <span class='ocrx_word' id='word_1_118' title='bbox 1674 1282 1717 1324; x_wconf 90' lang='lat' dir='ltr'>in</span> <span class='ocrx_word' id='word_1_119' title='bbox 1746 1288 1946 1337; x_wconf 89' lang='lat' dir='ltr'>tempore</span> 
     </span>
     <span class='ocr_line' id='line_1_14' title="bbox 142 1357 1945 1418; baseline 0.003 -20"><span class='ocrx_word' id='word_1_120' title='bbox 142 1357 275 1412; x_wconf 86' lang='lat' dir='ltr'>Papae</span> <span class='ocrx_word' id='word_1_121' title='bbox 315 1358 519 1408; x_wconf 89' lang='lat' dir='ltr'>Romani,</span> <span class='ocrx_word' id='word_1_122' title='bbox 560 1359 776 1412; x_wconf 89' lang='lat' dir='ltr'>Johannis</span> <span class='ocrx_word' id='word_1_123' title='bbox 818 1371 884 1410; x_wconf 84' lang='lat'>22,</span> <span class='ocrx_word' id='word_1_124' title='bbox 924 1360 1053 1413; x_wconf 89' lang='lat' dir='ltr'>primi</span> <span class='ocrx_word' id='word_1_125' title='bbox 1093 1360 1258 1402; x_wconf 88' lang='lat' dir='ltr'>fructus</span> <span class='ocrx_word' id='word_1_126' title='bbox 1302 1361 1634 1416; x_wconf 89' lang='lat' dir='ltr'>episcopatuum</span> <span class='ocrx_word' id='word_1_127' title='bbox 1680 1363 1725 1403; x_wconf 90' lang='lat' dir='ltr'>in</span> <span class='ocrx_word' id='word_1_128' title='bbox 1766 1363 1945 1418; x_wconf 87' lang='lat' dir='ltr'>Anglia,</span> 
     </span>
     <span class='ocr_line' id='line_1_15' title="bbox 141 1438 1944 1497; baseline 0.004 -18"><span class='ocrx_word' id='word_1_129' title='bbox 141 1438 214 1492; x_wconf 91' lang='lat' dir='ltr'>qui</span> <span class='ocrx_word' id='word_1_130' title='bbox 246 1445 458 1480; x_wconf 88' lang='lat' dir='ltr'>vocantur</span> <span class='ocrx_word' id='word_1_131' title='bbox 488 1445 652 1481; x_wconf 90' lang='lat' dir='ltr'>annata</span> <span class='ocrx_word' id='word_1_132' title='bbox 687 1440 731 1481; x_wconf 90' lang='lat' dir='ltr'>in</span> <span class='ocrx_word' id='word_1_133' title='bbox 761 1441 880 1481; x_wconf 90' lang='lat' dir='ltr'>curia</span> <span class='ocrx_word' id='word_1_134' title='bbox 912 1439 1127 1491; x_wconf 88' lang='lat' dir='ltr'>Romana,</span> <span class='ocrx_word' id='word_1_135' title='bbox 1158 1440 1267 1482; x_wconf 91' lang='lat' dir='ltr'>solvi</span> <span class='ocrx_word' id='word_1_136' title='bbox 1298 1449 1518 1495; x_wconf 88' lang='lat' dir='ltr'>ceperunt,</span> <span class='ocrx_word' id='word_1_137' title='bbox 1550 1457 1609 1483; x_wconf 84' lang='lat' dir='ltr'>ex</span> <span class='ocrx_word' id='word_1_138' title='bbox 1640 1444 1798 1497; x_wconf 89' lang='lat' dir='ltr'>cupida</span> <span class='ocrx_word' id='word_1_139' title='bbox 1828 1445 1944 1486; x_wconf 91' lang='lat' dir='ltr'>ordi-</span> 
     </span>
     <span class='ocr_line' id='line_1_16' title="bbox 141 1518 1943 1576; baseline 0.004 -17"><span class='ocrx_word' id='word_1_140' title='bbox 141 1518 322 1560; x_wconf 90' lang='lat' dir='ltr'>nacione</span> <span class='ocrx_word' id='word_1_141' title='bbox 363 1518 496 1573; x_wconf 82' lang='lat' dir='ltr'>Papae</span> <span class='ocrx_word' id='word_1_142' title='bbox 533 1519 748 1572; x_wconf 89' lang='lat' dir='ltr'>Johannis</span> <span class='ocrx_word' id='word_1_143' title='bbox 790 1519 857 1561; x_wconf 82' lang='lat' dir='ltr'>22i</span> <span class='ocrx_word' id='word_1_144' title='bbox 898 1526 942 1561; x_wconf 91' lang='lat' dir='ltr'>et</span> <span class='ocrx_word' id='word_1_145' title='bbox 990 1520 1073 1561; x_wconf 88' lang='lat' dir='ltr'>sibi</span> <span class='ocrx_word' id='word_1_146' title='bbox 1118 1520 1428 1563; x_wconf 89' lang='lat' dir='ltr'>adherencium</span> <span class='ocrx_word' id='word_1_147' title='bbox 1468 1523 1512 1564; x_wconf 92' lang='lat' dir='ltr'>in</span> <span class='ocrx_word' id='word_1_148' title='bbox 1552 1524 1669 1564; x_wconf 91' lang='lat' dir='ltr'>curia</span> <span class='ocrx_word' id='word_1_149' title='bbox 1711 1524 1943 1576; x_wconf 82' lang='lat' dir='ltr'>Romana3</span> 
     </span>
     <span class='ocr_line' id='line_1_17' title="bbox 140 1598 1943 1659; baseline 0.004 -20"><span class='ocrx_word' id='word_1_150' title='bbox 140 1604 185 1640; x_wconf 89' lang='lat' dir='ltr'>et</span> <span class='ocrx_word' id='word_1_151' title='bbox 224 1598 286 1640; x_wconf 90' lang='lat' dir='ltr'>sic</span> <span class='ocrx_word' id='word_1_152' title='bbox 321 1598 414 1652; x_wconf 87' lang='lat' dir='ltr'>jam</span> <span class='ocrx_word' id='word_1_153' title='bbox 456 1599 635 1641; x_wconf 89' lang='lat' dir='ltr'>inolevit</span> <span class='ocrx_word' id='word_1_154' title='bbox 675 1600 719 1641; x_wconf 86' lang='lat' dir='ltr'>in</span> <span class='ocrx_word' id='word_1_155' title='bbox 754 1599 921 1654; x_wconf 87' lang='lat' dir='ltr'>Anglia</span> <span class='ocrx_word' id='word_1_156' title='bbox 954 1601 1072 1653; x_wconf 92' lang='lat' dir='ltr'>quod</span> <span class='ocrx_word' id='word_1_157' title='bbox 1109 1614 1348 1643; x_wconf 89' lang='lat' dir='ltr'>concensus</span> <span class='ocrx_word' id='word_1_158' title='bbox 1379 1603 1511 1657; x_wconf 86' lang='lat' dir='ltr'>Papae</span> <span class='ocrx_word' id='word_1_159' title='bbox 1543 1603 1734 1645; x_wconf 92' lang='lat' dir='ltr'>Romani</span> <span class='ocrx_word' id='word_1_160' title='bbox 1770 1611 1814 1646; x_wconf 91' lang='lat' dir='ltr'>et</span> <span class='ocrx_word' id='word_1_161' title='bbox 1850 1605 1943 1659; x_wconf 90' lang='lat' dir='ltr'>ejus</span> 
     </span>
     <span class='ocr_line' id='line_1_18' title="bbox 141 1680 1941 1738; baseline 0.004 -19"><span class='ocrx_word' id='word_1_162' title='bbox 141 1691 326 1720; x_wconf 83' lang='lat' dir='ltr'>camerae</span> <span class='ocrx_word' id='word_1_163' title='bbox 371 1684 416 1720; x_wconf 91' lang='lat' dir='ltr'>et</span> <span class='ocrx_word' id='word_1_164' title='bbox 461 1692 701 1721; x_wconf 88' lang='lat' dir='ltr'>concensus</span> <span class='ocrx_word' id='word_1_165' title='bbox 746 1681 859 1735; x_wconf 85' lang='lat' dir='ltr'>regis</span> <span class='ocrx_word' id='word_1_166' title='bbox 904 1680 948 1720; x_wconf 92' lang='lat' dir='ltr'>in</span> <span class='ocrx_word' id='word_1_167' title='bbox 988 1680 1167 1735; x_wconf 86' lang='lat' dir='ltr'>Anglia,</span> <span class='ocrx_word' id='word_1_168' title='bbox 1210 1688 1255 1723; x_wconf 91' lang='lat' dir='ltr'>et</span> <span class='ocrx_word' id='word_1_169' title='bbox 1304 1688 1423 1724; x_wconf 89' lang='lat' dir='ltr'>certa</span> <span class='ocrx_word' id='word_1_170' title='bbox 1475 1683 1611 1725; x_wconf 89' lang='lat' dir='ltr'>millia</span> <span class='ocrx_word' id='word_1_171' title='bbox 1657 1685 1941 1738; x_wconf 88' lang='lat' dir='ltr'>pecuniarum</span> 
     </span>
     <span class='ocr_line' id='line_1_19' title="bbox 140 1759 1942 1820; baseline 0.003 -19"><span class='ocrx_word' id='word_1_172' title='bbox 140 1759 413 1801; x_wconf 90' lang='lat' dir='ltr'>constituunt</span> <span class='ocrx_word' id='word_1_173' title='bbox 453 1760 708 1813; x_wconf 91' lang='lat' dir='ltr'>episcopum</span> <span class='ocrx_word' id='word_1_174' title='bbox 745 1774 1052 1814; x_wconf 90' lang='lat' dir='ltr'>quemcunque</span> <span class='ocrx_word' id='word_1_175' title='bbox 1086 1760 1179 1814; x_wconf 89' lang='lat' dir='ltr'>jam</span> <span class='ocrx_word' id='word_1_176' title='bbox 1221 1762 1265 1803; x_wconf 93' lang='lat' dir='ltr'>in</span> <span class='ocrx_word' id='word_1_177' title='bbox 1300 1761 1479 1817; x_wconf 86' lang='lat' dir='ltr'>Anglia,</span> <span class='ocrx_word' id='word_1_178' title='bbox 1513 1770 1561 1805; x_wconf 91' lang='lat' dir='ltr'>ut</span> <span class='ocrx_word' id='word_1_179' title='bbox 1602 1765 1659 1806; x_wconf 87' lang='lat' dir='ltr'>sit</span> <span class='ocrx_word' id='word_1_180' title='bbox 1699 1766 1942 1820; x_wconf 78' lang='lat' dir='ltr'>episcopus,</span> 
     </span>
     <span class='ocr_line' id='line_1_20' title="bbox 142 1837 1942 1894; baseline 0.004 -15"><span class='ocrx_word' id='word_1_181' title='bbox 142 1837 318 1880; x_wconf 89' lang='lat' dir='ltr'>Eleccio</span> <span class='ocrx_word' id='word_1_182' title='bbox 358 1839 474 1880; x_wconf 89' lang='lat' dir='ltr'>enim</span> <span class='ocrx_word' id='word_1_183' title='bbox 511 1840 705 1894; x_wconf 87' lang='lat' dir='ltr'>episcopi</span> <span class='ocrx_word' id='word_1_184' title='bbox 742 1840 787 1881; x_wconf 92' lang='lat' dir='ltr'>in</span> <span class='ocrx_word' id='word_1_185' title='bbox 822 1839 991 1894; x_wconf 87' lang='lat' dir='ltr'>Anglia</span> <span class='ocrx_word' id='word_1_186' title='bbox 1026 1840 1110 1882; x_wconf 90' lang='lat' dir='ltr'>hiis</span> <span class='ocrx_word' id='word_1_187' title='bbox 1145 1841 1300 1883; x_wconf 90' lang='lat' dir='ltr'>diebus</span> <span class='ocrx_word' id='word_1_188' title='bbox 1332 1843 1465 1885; x_wconf 92' lang='lat' dir='ltr'>nichil</span> <span class='ocrx_word' id='word_1_189' title='bbox 1501 1843 1606 1886; x_wconf 90' lang='lat' dir='ltr'>facit</span> <span class='ocrx_word' id='word_1_190' title='bbox 1641 1845 1723 1886; x_wconf 90' lang='lat' dir='ltr'>nisi</span> <span class='ocrx_word' id='word_1_191' title='bbox 1764 1847 1942 1888; x_wconf 90' lang='lat' dir='ltr'>nomine</span> 
     </span>
     <span class='ocr_line' id='line_1_21' title="bbox 139 1903 1943 1980; baseline 0.004 -20"><span class='ocrx_word' id='word_1_192' title='bbox 139 1924 269 1960; x_wconf 91' lang='lat' dir='ltr'>tenus</span> <span class='ocrx_word' id='word_1_193' title='bbox 297 1924 484 1968; x_wconf 90' lang='lat' dir='ltr'>tanturn,</span> <span class='ocrx_word' id='word_1_194' title='bbox 517 1927 562 1961; x_wconf 89' lang='lat' dir='ltr'>et</span> <span class='ocrx_word' id='word_1_195' title='bbox 589 1903 693 1962; x_wconf 84' lang='lat' dir='ltr'>ideo</span> <span class='ocrx_word' id='word_1_196' title='bbox 725 1920 919 1974; x_wconf 88' lang='lat' dir='ltr'>episcopi</span> <span class='ocrx_word' id='word_1_197' title='bbox 951 1934 1038 1961; x_wconf 91' lang='lat' dir='ltr'>non</span> <span class='ocrx_word' id='word_1_198' title='bbox 1073 1922 1240 1964; x_wconf 92' lang='lat' dir='ltr'>audent</span> <span class='ocrx_word' id='word_1_199' title='bbox 1274 1923 1497 1966; x_wconf 86' lang='lat' dir='ltr'>offendere</span> <span class='ocrx_word' id='word_1_200' title='bbox 1530 1925 1620 1979; x_wconf 87' lang='lat' dir='ltr'>regi</span> <span class='ocrx_word' id='word_1_201' title='bbox 1656 1931 1701 1966; x_wconf 92' lang='lat' dir='ltr'>et</span> <span class='ocrx_word' id='word_1_202' title='bbox 1736 1926 1825 1967; x_wconf 92' lang='lat' dir='ltr'>suis</span> <span class='ocrx_word' id='word_1_203' title='bbox 1866 1940 1943 1980; x_wconf 92' lang='lat' dir='ltr'>per</span> 
     </span>
     <span class='ocr_line' id='line_1_22' title="bbox 141 1999 615 2052; baseline 0.004 -13"><span class='ocrx_word' id='word_1_204' title='bbox 141 2011 252 2052; x_wconf 91' lang='lat' dir='ltr'>quos</span> <span class='ocrx_word' id='word_1_205' title='bbox 281 1999 615 2042; x_wconf 86' lang='lat' dir='ltr'>constituuntur.</span> 
     </span>
    </p>

    <p class='ocr_par' dir='ltr' id='par_1_3' title="bbox 141 2079 1983 2858">
     <span class='ocr_line' id='line_1_23' title="bbox 257 2079 1941 2140; baseline 0.005 -22"><span class='ocrx_word' id='word_1_206' title='bbox 257 2083 308 2128; x_wconf 89' lang='lat' dir='ltr'>[p.</span> <span class='ocrx_word' id='word_1_207' title='bbox 327 2085 421 2128; x_wconf 69' lang='lat'>421]</span> <span class='ocrx_word' id='word_1_208' title='bbox 482 2080 534 2121; x_wconf 90' lang='lat' dir='ltr'>In</span> <span class='ocrx_word' id='word_1_209' title='bbox 570 2080 725 2122; x_wconf 92' lang='lat' dir='ltr'>diebus</span> <span class='ocrx_word' id='word_1_210' title='bbox 767 2081 947 2123; x_wconf 90' lang='lat' dir='ltr'>Henrici</span> <span class='ocrx_word' id='word_1_211' title='bbox 985 2079 1036 2132; x_wconf 67' lang='lat'>6³,</span> <span class='ocrx_word' id='word_1_212' title='bbox 1076 2080 1256 2136; x_wconf 89' lang='lat' dir='ltr'>Angliae</span> <span class='ocrx_word' id='word_1_213' title='bbox 1296 2084 1420 2139; x_wconf 86' lang='lat' dir='ltr'>regis,</span> <span class='ocrx_word' id='word_1_214' title='bbox 1462 2085 1618 2127; x_wconf 90' lang='lat' dir='ltr'>diversi</span> <span class='ocrx_word' id='word_1_215' title='bbox 1658 2087 1941 2140; x_wconf 88' lang='lat' dir='ltr'>optinuerunt</span> 
     </span>
     <span class='ocr_line' id='line_1_24' title="bbox 141 2157 1940 2219; baseline 0.004 -20"><span class='ocrx_word' id='word_1_216' title='bbox 141 2157 199 2199; x_wconf 92' lang='lat' dir='ltr'>ab</span> <span class='ocrx_word' id='word_1_217' title='bbox 239 2157 335 2212; x_wconf 87' lang='lat' dir='ltr'>ipso</span> <span class='ocrx_word' id='word_1_218' title='bbox 378 2172 480 2214; x_wconf 89' lang='lat' dir='ltr'>rege</span> <span class='ocrx_word' id='word_1_219' title='bbox 523 2161 604 2202; x_wconf 91' lang='lat' dir='ltr'>sub</span> <span class='ocrx_word' id='word_1_220' title='bbox 651 2161 794 2216; x_wconf 88' lang='lat' dir='ltr'>sigillo</span> <span class='ocrx_word' id='word_1_221' title='bbox 835 2175 914 2202; x_wconf 87' lang='lat' dir='ltr'>suo</span> <span class='ocrx_word' id='word_1_222' title='bbox 955 2161 1195 2211; x_wconf 90' lang='lat' dir='ltr'>licenciam,</span> <span class='ocrx_word' id='word_1_223' title='bbox 1241 2170 1291 2205; x_wconf 91' lang='lat' dir='ltr'>ut</span> <span class='ocrx_word' id='word_1_224' title='bbox 1333 2178 1462 2219; x_wconf 84' lang='lat' dir='ltr'>papae</span> <span class='ocrx_word' id='word_1_225' title='bbox 1504 2166 1695 2207; x_wconf 89' lang='lat' dir='ltr'>Romani</span> <span class='ocrx_word' id='word_1_226' title='bbox 1737 2166 1940 2207; x_wconf 89' lang='lat' dir='ltr'>Nicholai</span> 
     </span>
     <span class='ocr_line' id='line_1_25' title="bbox 142 2237 1940 2300; baseline 0.004 -21"><span class='ocrx_word' id='word_1_227' title='bbox 142 2237 284 2292; x_wconf 88' lang='lat' dir='ltr'>quinti</span> <span class='ocrx_word' id='word_1_228' title='bbox 319 2240 612 2292; x_wconf 89' lang='lat' dir='ltr'>provisionem</span> <span class='ocrx_word' id='word_1_229' title='bbox 645 2241 702 2283; x_wconf 90' lang='lat' dir='ltr'>ad</span> <span class='ocrx_word' id='word_1_230' title='bbox 739 2242 1016 2296; x_wconf 87' lang='lat' dir='ltr'>episcopatus</span> <span class='ocrx_word' id='word_1_231' title='bbox 1051 2248 1342 2296; x_wconf 88' lang='lat' dir='ltr'>acceptarent,</span> <span class='ocrx_word' id='word_1_232' title='bbox 1376 2252 1422 2287; x_wconf 88' lang='lat' dir='ltr'>et</span> <span class='ocrx_word' id='word_1_233' title='bbox 1457 2260 1536 2300; x_wconf 89' lang='lat' dir='ltr'>pro</span> <span class='ocrx_word' id='word_1_234' title='bbox 1569 2246 1643 2287; x_wconf 90' lang='lat' dir='ltr'>illa</span> <span class='ocrx_word' id='word_1_235' title='bbox 1678 2246 1883 2287; x_wconf 90' lang='lat' dir='ltr'>habenda</span> <span class='ocrx_word' id='word_1_236' title='bbox 1913 2260 1940 2286; x_wconf 93' lang='lat' dir='ltr'>a</span> 
     </span>
     <span class='ocr_line' id='line_1_26' title="bbox 141 2318 1940 2379; baseline 0.004 -20"><span class='ocrx_word' id='word_1_237' title='bbox 141 2331 260 2372; x_wconf 89' lang='lat' dir='ltr'>papa</span> <span class='ocrx_word' id='word_1_238' title='bbox 289 2331 368 2372; x_wconf 87' lang='lat' dir='ltr'>per</span> <span class='ocrx_word' id='word_1_239' title='bbox 397 2318 624 2362; x_wconf 89' lang='lat' dir='ltr'>licenciam</span> <span class='ocrx_word' id='word_1_240' title='bbox 655 2322 770 2376; x_wconf 86' lang='lat' dir='ltr'>regis</span> <span class='ocrx_word' id='word_1_241' title='bbox 800 2322 1061 2372; x_wconf 86' lang='lat' dir='ltr'>laborarent,</span> <span class='ocrx_word' id='word_1_242' title='bbox 1095 2329 1140 2363; x_wconf 90' lang='lat' dir='ltr'>et</span> <span class='ocrx_word' id='word_1_243' title='bbox 1167 2329 1215 2364; x_wconf 91' lang='lat' dir='ltr'>ut</span> <span class='ocrx_word' id='word_1_244' title='bbox 1248 2337 1377 2379; x_wconf 87' lang='lat' dir='ltr'>papae</span> <span class='ocrx_word' id='word_1_245' title='bbox 1408 2325 1656 2367; x_wconf 84' lang='lat' dir='ltr'>laborarent</span> <span class='ocrx_word' id='word_1_246' title='bbox 1687 2339 1766 2379; x_wconf 92' lang='lat' dir='ltr'>pro</span> <span class='ocrx_word' id='word_1_247' title='bbox 1797 2339 1940 2367; x_wconf 88' lang='lat' dir='ltr'>cassa-</span> 
     </span>
     <span class='ocr_line' id='line_1_27' title="bbox 142 2397 1940 2463; baseline 0.004 -25"><span class='ocrx_word' id='word_1_248' title='bbox 142 2397 268 2439; x_wconf 91' lang='lat' dir='ltr'>cione</span> <span class='ocrx_word' id='word_1_249' title='bbox 313 2397 465 2440; x_wconf 87' lang='lat' dir='ltr'>habita</span> <span class='ocrx_word' id='word_1_250' title='bbox 507 2413 583 2441; x_wconf 91' lang='lat' dir='ltr'>seu</span> <span class='ocrx_word' id='word_1_251' title='bbox 627 2400 832 2463; x_wconf 67' lang='lat' dir='ltr'>habengla</span> <span class='ocrx_word' id='word_1_252' title='bbox 879 2415 958 2456; x_wconf 92' lang='lat' dir='ltr'>pro</span> <span class='ocrx_word' id='word_1_253' title='bbox 1008 2402 1156 2455; x_wconf 90' lang='lat' dir='ltr'>aliqua</span> <span class='ocrx_word' id='word_1_254' title='bbox 1195 2417 1383 2457; x_wconf 90' lang='lat' dir='ltr'>persona</span> <span class='ocrx_word' id='word_1_255' title='bbox 1430 2406 1516 2447; x_wconf 90' lang='lat' dir='ltr'>alia</span> <span class='ocrx_word' id='word_1_256' title='bbox 1566 2419 1699 2459; x_wconf 91' lang='lat' dir='ltr'>quam</span> <span class='ocrx_word' id='word_1_257' title='bbox 1739 2419 1819 2459; x_wconf 95' lang='lat' dir='ltr'>pro</span> <span class='ocrx_word' id='word_1_258' title='bbox 1866 2405 1940 2446; x_wconf 89' lang='lat' dir='ltr'>illa</span> 
     </span>
     <span class='ocr_line' id='line_1_28' title="bbox 142 2481 1940 2539; baseline 0.006 -22"><span class='ocrx_word' id='word_1_259' title='bbox 142 2491 340 2531; x_wconf 90' lang='lat' dir='ltr'>persona,</span> <span class='ocrx_word' id='word_1_260' title='bbox 365 2491 498 2532; x_wconf 90' lang='lat' dir='ltr'>quam</span> <span class='ocrx_word' id='word_1_261' title='bbox 529 2494 608 2522; x_wconf 84' lang='lat' dir='ltr'>rex</span> <span class='ocrx_word' id='word_1_262' title='bbox 638 2481 882 2524; x_wconf 89' lang='lat' dir='ltr'>licenciavit</span> <span class='ocrx_word' id='word_1_263' title='bbox 912 2483 969 2523; x_wconf 91' lang='lat' dir='ltr'>ad</span> <span class='ocrx_word' id='word_1_264' title='bbox 1000 2483 1322 2537; x_wconf 89' lang='lat' dir='ltr'>acceptandum</span> <span class='ocrx_word' id='word_1_265' title='bbox 1353 2486 1646 2539; x_wconf 90' lang='lat' dir='ltr'>provisionem</span> <span class='ocrx_word' id='word_1_266' title='bbox 1676 2498 1816 2538; x_wconf 82' lang='lat' dir='ltr'>papae.</span> <span class='ocrx_word' id='word_1_267' title='bbox 1878 2485 1940 2527; x_wconf 90' lang='lat' dir='ltr'>Et</span> 
     </span>
     <span class='ocr_line' id='line_1_29' title="bbox 142 2556 1983 2619; baseline 0.004 -21"><span class='ocrx_word' id='word_1_268' title='bbox 142 2557 204 2599; x_wconf 90' lang='lat' dir='ltr'>sic</span> <span class='ocrx_word' id='word_1_269' title='bbox 238 2556 321 2599; x_wconf 85' lang='lat' dir='ltr'>fuit</span> <span class='ocrx_word' id='word_1_270' title='bbox 353 2558 582 2613; x_wconf 89' lang='lat' dir='ltr'>episcopus</span> <span class='ocrx_word' id='word_1_271' title='bbox 614 2560 892 2604; x_wconf 89' lang='lat' dir='ltr'>Menevensis</span> <span class='ocrx_word' id='word_1_272' title='bbox 927 2576 1038 2604; x_wconf 90' lang='lat' dir='ltr'>unus</span> <span class='ocrx_word' id='word_1_273' title='bbox 1072 2563 1233 2604; x_wconf 88' lang='lat' dir='ltr'>aularis</span> <span class='ocrx_word' id='word_1_274' title='bbox 1274 2565 1388 2619; x_wconf 87' lang='lat' dir='ltr'>regis</span> <span class='ocrx_word' id='word_1_275' title='bbox 1423 2572 1606 2607; x_wconf 80' lang='lat' dir='ltr'>vocatus</span> <span class='ocrx_word' id='word_1_276' title='bbox 1636 2565 1692 2605; x_wconf 90' lang='lat' dir='ltr'>de</span> <span class='ocrx_word' id='word_1_277' title='bbox 1727 2564 1771 2605; x_wconf 89' lang='lat' dir='ltr'>la</span> <span class='ocrx_word' id='word_1_278' title='bbox 1802 2564 1983 2617; x_wconf 89' lang='lat' dir='ltr'>Meer‚—</span> 
     </span>
     <span class='ocr_line' id='line_1_30' title="bbox 143 2637 1938 2699; baseline 0.006 -22"><span class='ocrx_word' id='word_1_279' title='bbox 143 2643 189 2679; x_wconf 91' lang='lat' dir='ltr'>et</span> <span class='ocrx_word' id='word_1_280' title='bbox 222 2637 284 2678; x_wconf 91' lang='lat' dir='ltr'>sic</span> <span class='ocrx_word' id='word_1_281' title='bbox 318 2637 402 2678; x_wconf 89' lang='lat' dir='ltr'>fuit</span> <span class='ocrx_word' id='word_1_282' title='bbox 442 2639 640 2691; x_wconf 87' lang='lat' dir='ltr'>provisus</span> <span class='ocrx_word' id='word_1_283' title='bbox 673 2655 752 2695; x_wconf 89' lang='lat' dir='ltr'>per</span> <span class='ocrx_word' id='word_1_284' title='bbox 787 2656 950 2696; x_wconf 91' lang='lat' dir='ltr'>papam</span> <span class='ocrx_word' id='word_1_285' title='bbox 990 2644 1034 2684; x_wconf 90' lang='lat' dir='ltr'>in</span> <span class='ocrx_word' id='word_1_286' title='bbox 1075 2644 1340 2686; x_wconf 88' lang='lat' dir='ltr'>decanatum</span> <span class='ocrx_word' id='word_1_287' title='bbox 1371 2659 1580 2699; x_wconf 87' lang='lat' dir='ltr'>magnum</span> <span class='ocrx_word' id='word_1_288' title='bbox 1612 2645 1938 2687; x_wconf 88' lang='lat' dir='ltr'>Eboracensem</span> 
     </span>
     <span class='ocr_line' id='line_1_31' title="bbox 142 2716 1937 2779; baseline 0.004 -21"><span class='ocrx_word' id='word_1_289' title='bbox 142 2717 324 2771; x_wconf 90' lang='lat' dir='ltr'>quidam</span> <span class='ocrx_word' id='word_1_290' title='bbox 367 2716 582 2759; x_wconf 88' lang='lat' dir='ltr'>Ricardus</span> <span class='ocrx_word' id='word_1_291' title='bbox 621 2718 831 2771; x_wconf 90' lang='lat' dir='ltr'>Andrew‚</span> <span class='ocrx_word' id='word_1_292' title='bbox 875 2723 1071 2774; x_wconf 90' lang='lat' dir='ltr'>civilista‚</span> <span class='ocrx_word' id='word_1_293' title='bbox 1113 2730 1157 2765; x_wconf 94' lang='lat' dir='ltr'>et</span> <span class='ocrx_word' id='word_1_294' title='bbox 1193 2725 1254 2765; x_wconf 89' lang='lat' dir='ltr'>sic</span> <span class='ocrx_word' id='word_1_295' title='bbox 1294 2725 1374 2765; x_wconf 90' lang='lat' dir='ltr'>fuit</span> <span class='ocrx_word' id='word_1_296' title='bbox 1417 2725 1613 2779; x_wconf 88' lang='lat' dir='ltr'>provisus</span> <span class='ocrx_word' id='word_1_297' title='bbox 1658 2737 1736 2777; x_wconf 88' lang='lat' dir='ltr'>per</span> <span class='ocrx_word' id='word_1_298' title='bbox 1775 2738 1937 2778; x_wconf 90' lang='lat' dir='ltr'>papam</span> 
     </span>
     <span class='ocr_line' id='line_1_32' title="bbox 144 2796 1936 2858; baseline 0.004 -20"><span class='ocrx_word' id='word_1_299' title='bbox 144 2796 407 2839; x_wconf 89' lang='lat' dir='ltr'>Nicholaum</span> <span class='ocrx_word' id='word_1_300' title='bbox 438 2803 495 2848; x_wconf 84' lang='lat'>5¹¹¹</span> <span class='ocrx_word' id='word_1_301' title='bbox 534 2797 578 2838; x_wconf 91' lang='lat' dir='ltr'>in</span> <span class='ocrx_word' id='word_1_302' title='bbox 619 2798 990 2855; x_wconf 88' lang='lat' dir='ltr'>archiepiscopum</span> <span class='ocrx_word' id='word_1_303' title='bbox 1033 2803 1356 2846; x_wconf 88' lang='lat' dir='ltr'>Eboracensem</span> <span class='ocrx_word' id='word_1_304' title='bbox 1398 2803 1645 2844; x_wconf 89' lang='lat' dir='ltr'>Willelmus</span> <span class='ocrx_word' id='word_1_305' title='bbox 1686 2803 1816 2854; x_wconf 90' lang='lat' dir='ltr'>Buth,</span> <span class='ocrx_word' id='word_1_306' title='bbox 1861 2805 1936 2858; x_wconf 93' lang='lat' dir='ltr'>qui</span> 
     </span>
    </p>
   </div>
  </div>
 </body>
</html>
