2456 3210
599 243 732 279 LOCI
765 243 806 277 E
842 242 1010 278 LIBRO
1057 241 1401 277 VERJTATUM.
1849 230 1899 270 81

98 383 368 441 poenitendo‚
408 399 511 427 vere
550 385 813 435 confitendo,
850 391 896 428 et
935 385 1088 427 debito
1130 385 1264 426 modo
1304 383 1556 427 satisfacere
1595 380 1902 427 desiderando,

98 470 145 507 et
182 469 288 507 tunc
325 466 447 507 venit
485 466 544 507 ad
589 472 765 520 portam
805 465 1000 515 ferream,
1040 479 1142 520 quae
1182 465 1304 507 ducit
1347 465 1405 506 ad
1445 464 1670 506 civitatem
1711 460 1903 503 coelestis

96 543 371 599 Jerusalem3
414 551 542 599 porta
578 545 727 595 ferrea,
761 559 862 600 quae
897 546 1018 588 ducit
1053 545 1167 595 illuc,
1201 552 1268 587 est
1307 545 1452 600 gravis
1488 550 1532 586 et
1568 557 1732 597 magna
1766 554 1904 595 poena

99 625 449 679 temptacionum
478 631 523 668 et
549 625 900 676 tribulacionum,
921 640 1023 680 quae
1046 626 1185 680 surgit
1215 626 1393 679 quando
1417 625 1552 666 homo
1578 623 1744 665 malum
1772 635 1902 663 suum

100 704 318 759 relinquit,
347 711 394 747 et
420 711 537 748 recte
568 706 689 760 loqui
716 712 762 748 et
792 720 923 761 agere
952 707 1117 760 incipit.
1178 705 1270 749 Sed
1298 706 1453 755 clama,
1487 705 1528 747 O
1558 704 1808 758 poenitens!
1845 702 1904 743 ad

101 785 251 827 Deum
291 793 627 840 perseveranter,
662 793 709 829 et
747 787 910 829 cotidie
944 787 989 828 in
1023 787 1191 842 gemitu
1227 787 1371 829 cordis
1411 793 1456 828 et
1488 787 1532 827 in
1574 785 1785 826 memoria
1822 782 1905 823 Xti

102 865 338 920 sanguinis,
371 873 418 910 et
455 873 561 908 tunc
599 866 728 916 ultro,
770 868 797 907 i.
820 881 858 909 e.
898 867 1127 909 voluntate
1158 867 1259 917 Dei,
1299 873 1453 921 aperta
1493 867 1574 907 erit
1620 865 1716 906 haec
1761 869 1902 918 porta,

103 945 130 987 i.
152 959 190 987 e.
226 946 400 988 devicta
438 946 519 988 erit
564 946 660 989 haec
700 948 1010 1001 importunitas
1052 948 1413 1002 temptacionum,
1454 948 1558 1001 quia
1601 953 1718 994 tunc,
1758 943 1906 998 gracia

103 1033 381 1080 cooperante,
422 1039 511 1068 non
549 1027 726 1069 vincent
765 1027 824 1069 ad
865 1028 1031 1069 malum
1076 1041 1352 1079 concensum,
1397 1042 1541 1082 neque
1586 1027 1644 1068 ad
1688 1026 1906 1067 bonorum

103 1112 284 1149 actuum
318 1106 694 1160 impedimentum,
726 1108 806 1149 sed
839 1114 1038 1162 pungent
1068 1108 1294 1151 hominem
1330 1109 1388 1150 ad
1421 1109 1572 1150 aeterni
1602 1107 1773 1161 praemii
1805 1119 1907 1147 cum

106 1185 207 1227 Deo
240 1193 540 1240 augmentum,
568 1193 616 1230 et
651 1194 758 1230 tunc
790 1195 891 1242 post
925 1190 1141 1243 gemitum
1176 1203 1257 1243 pro
1292 1189 1483 1244 peccatis
1517 1189 1637 1230 dicat
1670 1187 1906 1242 poenitens,

107 1265 265 1308 ‘Nunc
293 1267 384 1308 scio
413 1280 525 1317 vere,
558 1267 663 1322 quia
698 1268 817 1310 misit
854 1269 1074 1311 Dominus
1104 1270 1310 1325 angelum
1350 1283 1480 1311 suum
1521 1276 1566 1310 et
1598 1267 1800 1310 liberavit
1839 1281 1911 1308 me

107 1346 167 1387 de
195 1359 327 1388 manu
357 1346 550 1389 Herodis
580 1354 626 1390 et
651 1348 709 1390 de
738 1362 814 1390 ore
843 1349 1006 1398 leonis,'
1034 1350 1061 1391 i.
1075 1363 1113 1390 e,
1139 1351 1196 1391 de
1223 1356 1449 1404 potestate
1479 1348 1641 1390 inimici
1670 1348 1756 1389 mei
1784 1347 1911 1401 spiri-

106 1425 251 1475 tualis,
279 1432 326 1468 et
354 1426 412 1468 de
441 1429 757 1482 expectacione
786 1429 928 1482 plebis
955 1429 1227 1483 judaeorum,
1253 1431 1280 1472 i.
1297 1444 1335 1471 e.
1363 1431 1420 1472 de
1450 1430 1536 1471 illis
1567 1429 1695 1471 malis
1723 1429 1910 1477 aeternis‚

107 1505 154 1548 in
192 1519 291 1560 quae
330 1506 435 1548 mali
474 1508 651 1562 spiritus
690 1510 969 1551 crediderunt
1008 1523 1081 1552 me
1121 1510 1352 1562 casurum3
1402 1511 1545 1552 omnis
1586 1523 1691 1564 ergo
1736 1509 1912 1562 spiritus

108 1584 261 1628 laudet
295 1586 444 1628 Deum
481 1588 525 1629 in
557 1589 761 1630 omnibus
794 1589 892 1631 suis
943 1589 1107 1632 Amen.
1180 1590 1457 1633 Interficiunt
1496 1590 1707 1633 vocaliter
1745 1596 1791 1632 et
1834 1602 1913 1643 per

109 1665 244 1707 verba
269 1667 440 1708 animas
469 1682 569 1722 quae
598 1682 687 1710 non
709 1670 961 1721 moriuntur,
983 1670 1230 1713 Ezechielis
1250 1672 1362 1725 xiij0‚
1383 1673 1459 1726 qui
1487 1672 1749 1714 contristant
1770 1670 1912 1711 bonos

110 1745 227 1788 viros
255 1747 385 1789 minis
416 1755 462 1790 et
500 1750 655 1800 verbis,
692 1751 902 1800 dicentes,
935 1752 1057 1792 ‘Nisi
1093 1752 1282 1794 feceritis
1315 1768 1415 1808 quae
1451 1755 1741 1808 praecepimus
1775 1751 1912 1798 vobis,

112 1825 220 1867 salvi
250 1840 347 1870 esse
370 1841 459 1869 non
489 1830 686 1883 potestis,
706 1837 752 1872 et
782 1832 932 1885 gravia
961 1832 1079 1874 mala
1113 1833 1409 1876 sustinebitis?
1470 1835 1562 1890 Ipsi
1595 1840 1811 1876 conantur
1841 1846 1914 1874 oc-

113 1903 260 1947 cidere
286 1907 457 1949 animas
483 1923 584 1964 quae
614 1923 703 1952 non
730 1912 985 1963 moriuntur,
1005 1913 1079 1966 qui
1108 1914 1252 1956 verbis
1278 1916 1392 1957 veris
1422 1922 1467 1957 et
1498 1915 1628 1957 meris
1658 1914 1916 1963 racionibus,

114 1997 194 2039 per
227 1998 337 2039 quas
370 1987 505 2030 homo
545 1991 825 2033 reduceretur
863 2006 891 2034 a
928 1993 1046 2035 malo
1087 1993 1132 2035 in
1166 1995 1346 2048 bonum,
1382 2004 1428 2038 et
1464 2012 1492 2039 a
1526 1997 1638 2038 salso
1672 1997 1716 2036 in
1752 2008 1915 2041 verum,

114 2063 289 2107 addunt
325 2068 457 2111 verba
497 2068 619 2121 falsa,
651 2078 697 2113 et
736 2073 991 2114 addiciones
1032 2083 1307 2128 apparentes,
1345 2084 1389 2119 et
1430 2077 1658 2128 humanm,
1699 2083 1744 2118 et
1787 2089 1916 2129 argu-

119 2149 269 2186 menta
306 2145 464 2200 sumta,
503 2149 531 2191 i.
548 2164 586 2191 e.
620 2151 827 2204 colorata,
868 2167 967 2207 quae
1008 2164 1226 2209 apparent
1264 2171 1378 2207 vera,
1413 2167 1457 2201 et
1505 2173 1585 2213 per
1624 2172 1723 2212 quae
1763 2169 1916 2198 verum

117 2231 330 2278 appareat
362 2226 532 2282 falsum,
564 2238 610 2273 et
647 2232 806 2274 salsum
846 2243 1059 2289 appareat
1091 2251 1243 2278 verum
1279 2253 1384 2291 esse,
1420 2247 1464 2282 et
1499 2241 1666 2281 bonum
1707 2244 1917 2293 appareat

118 2302 291 2355 salsum,
311 2311 356 2346 et
385 2321 411 2348 e
439 2312 684 2354 contrario:
716 2327 797 2367 pro
825 2314 985 2356 talibus
1014 2317 1120 2359 dicit
1147 2320 1386 2372 apostolus,
1407 2325 1416 2341 ‘
1432 2322 1577 2362 Nemo
1602 2334 1680 2362 vos
1710 2316 1919 2366 seducat,’

119 2382 147 2424 i.
169 2397 208 2424 e.
246 2383 407 2426 falsum
446 2401 526 2441 pro
566 2404 670 2433 vero
710 2401 942 2449 acceptare
983 2396 1127 2448 faciat,
1163 2405 1207 2440 et
1249 2401 1305 2442 de
1345 2401 1508 2444 talibus
1552 2402 1658 2442 dicit
1699 2401 1918 2442 Dominus

120 2462 271 2504 Ysaiae
292 2465 447 2518 primo,
469 2468 655 2513 ‘Vinum
674 2479 800 2515 tuum
828 2476 1020 2518 mixtum
1051 2484 1119 2519 est
1148 2479 1289 2534 aqua‚'
1319 2482 1346 2523 i.
1360 2496 1396 2524 e.
1418 2483 1578 2524 veritas
1608 2482 1688 2523 tibi
1717 2483 1761 2522 in
1785 2482 1921 2523 verbo

123 2543 210 2584 Dei
243 2545 419 2597 tradita,
449 2548 592 2591 mixta
620 2558 690 2594 est
722 2562 848 2607 parte
881 2557 1026 2598 verbis
1061 2559 1224 2601 talibus
1263 2575 1363 2615 quae
1398 2569 1645 2616 repugnant
1680 2563 1919 2605 intellectui

124 2629 170 2664 et
197 2622 366 2676 judicio
398 2625 557 2678 divino,
593 2637 639 2672 et
673 2633 910 2678 intencioni
945 2643 990 2678 et
1021 2638 1261 2681 intellectui
1291 2648 1541 2683 sanctorum
1572 2643 1814 2694 doctorum,
1845 2645 1921 2698 qui

123 2703 331 2746 veritates
362 2705 569 2750 radicitus
603 2713 996 2769 consideraverunt,
1027 2725 1072 2759 et
1107 2720 1164 2761 ad
1205 2721 1331 2775 plura
1371 2722 1652 2774 respicientes
1690 2724 1921 2766 veritatem

1003 2808 1040 2838 M
