2456 3210
458 203 513 242 24
957 193 1088 229 LOCI
1121 193 1159 227 E
1198 191 1362 227 LIBRO
1410 189 1753 226 VERJTATUM.

458 338 640 381 Domini
672 350 802 391 super
825 335 1031 377 humeros
1062 334 1260 388 proprios
1289 333 1366 373 sed
1396 345 1525 386 super
1548 330 1754 373 humeros
1779 330 1963 372 aliorum
1989 331 2255 382 animalium,

455 425 504 461 ut
537 423 662 460 notat
693 417 885 459 Sanctus
915 414 1164 469 Jeronimus
1198 426 1328 466 super
1357 411 1492 453 libros
1529 412 1705 466 Regum
1742 412 1785 452 in
1821 411 2122 466 questionibus
2161 412 2256 454 He-

455 499 624 540 braicis.
686 497 837 539 Plures
869 495 985 537 enim
1016 493 1208 536 refutant
1239 492 1489 546 praedicare,
1514 492 1618 546 quia
1648 491 1824 533 difficile
1855 498 1922 534 est
1952 491 2256 546 attingere-ad

456 579 638 620 modum
661 583 705 619 et
725 577 781 618 ad
804 576 989 617 formam
1011 574 1218 615 usitatam
1241 586 1318 626 per
1338 565 1570 613 modernos
1591 572 1910 625 praedicatores,
1926 585 2113 626 quorum
2134 571 2258 612 labor

457 658 596 712 major
621 664 687 700 est
715 657 827 699 circa
854 655 1041 697 formam
1071 659 1115 694 et
1141 654 1321 694 modum
1348 652 1610 693 divisionum
1642 658 1687 694 et
1716 652 2054 698 concordancias
2083 650 2259 694 vocales

455 745 661 780 textuum
703 750 837 791 quam
874 736 986 777 circa
1022 733 1368 775 declaracionem
1402 745 1544 773 rerum
1577 717 1764 773 utilium.
1839 731 1993 774 Sancti
2030 732 2145 774 enim
2177 731 2259 773 viri-

456 825 500 860 et
528 819 740 868 doctores,
770 815 1032 869 Jeronimus‚
1059 813 1347 866 Augustinus,
1373 818 1417 853 et
1451 811 1756 863 Crisostomus,
1787 811 1990 854 solebant
2020 811 2259 866 praedicare

457 906 501 940 et
532 899 675 939 dicere
702 896 878 951 popu10,
899 899 912 918 ‘
927 895 1018 936 Res
1041 893 1245 935 volumus
1266 892 1434 933 laudari
1457 892 1608 946 pocius
1633 906 1766 945 quam
1787 892 1931 942 verba,
1953 899 1997 935 et
2025 906 2124 946 quae
2155 905 2262 933 con-

457 984 639 1027 cernunt
682 976 886 1018 materias
928 980 1158 1016 contentas
1199 974 1242 1014 in
1284 972 1512 1026 evangelio
1552 972 1776 1023 hodierno,
1812 972 2026 1022 volumus,
2062 972 2259 1014 Domino

456 1063 730 1112 cooperante,
757 1055 998 1110 explanare
1028 1054 1179 1095 vobis:
1218 1052 1474 1107 exemplum
1507 1052 1720 1107 evangelii
1751 1052 1853 1094 lecti
1884 1053 1927 1094 in
1958 1052 2030 1094 die
2059 1052 2258 1094 omnium

456 1144 718 1187 sanctorum,
739 1136 813 1177 ubi
846 1135 962 1177 Xtus
995 1133 1122 1185 dixit,
1154 1133 1317 1174 “Beati
1347 1146 1564 1187 pauperes
1595 1132 1796 1187 spiritum
1829 1130 1960 1174 etc.'”
1986 1131 2064 1174 Mt.
2089 1133 2257 1186 quinto.

458 1218 705 1259 Dicendum
747 1222 813 1257 est
854 1229 957 1270 ergo
999 1220 1042 1255 et
1090 1213 1420 1267 explanandum
1469 1213 1525 1254 de
1563 1212 1799 1254 virtutibus
1839 1212 2057 1254 contentis
2097 1212 2142 1253 in
2182 1211 2258 1253 illo

457 1297 692 1351 evangelio,
724 1310 781 1338 sc.
813 1296 869 1337 de
898 1294 1147 1336 humilitate
1184 1300 1228 1335 et
1259 1293 1315 1334 de
1347 1292 1432 1334 illis
1461 1307 1560 1348 quae
1590 1292 1883 1334 humilitatem
1914 1298 2180 1334 concernunt
2213 1298 2259 1334 et

457 1378 518 1419 sic
552 1378 609 1419 de
643 1376 738 1418 aliis
775 1374 993 1418 contentis
1028 1374 1206 1415 ibidem.
1280 1372 1436 1415 Solent
1467 1373 1583 1415 enim
1619 1373 1759 1415 sancti
1788 1373 1866 1414 viri
1896 1373 2042 1414 dicere
2072 1373 2115 1414 in
2145 1386 2261 1427 prae-

458 1457 570 1499 senti
593 1470 805 1507 sermone,
827 1455 1041 1496 ‘Intendo
1071 1453 1192 1509 loqui
1213 1467 1293 1508 per
1319 1453 1511 1508 graciam
1542 1453 1627 1494 Dei
1655 1453 1711 1494 de
1739 1458 1928 1507 quatuor
1946 1452 2016 1494 vel
2047 1453 2103 1494 de
2133 1453 2259 1507 quin-

458 1551 544 1592 que
573 1537 766 1579 materiis
788 1535 1050 1585 necessariis,
1074 1541 1122 1576 ut
1150 1534 1341 1589 figantur
1362 1534 1405 1575 in
1435 1539 1584 1575 mente
1604 1532 1833 1574 hominum
1855 1533 2118 1584 auditorum,
2139 1538 2261 1587 puta,

458 1617 515 1658 de
555 1616 653 1667 fide,
685 1630 777 1670 spe,
815 1622 858 1657 et
898 1615 1092 1663 caritate,
1132 1620 1176 1656 et
1211 1614 1400 1668 justicia,
1433 1620 1478 1656 et
1518 1610 1839 1655 misericordia.'
1902 1613 2016 1654 Item
2057 1612 2259 1655 solebant

458 1697 503 1738 in
523 1710 724 1738 sermone
745 1710 824 1737 suo
845 1695 1081 1749 aliquando
1104 1694 1221 1749 loqui
1244 1694 1301 1735 de
1321 1707 1408 1735 una
1440 1693 1622 1736 materia
1643 1699 1687 1735 et
1708 1693 1765 1734 de
1795 1692 1880 1734 illis
1902 1706 2001 1747 quae
2029 1693 2258 1736 materiam

458 1776 577 1818 illam
620 1775 949 1825 concernebant‚
982 1781 1100 1829 puta,
1131 1775 1186 1816 de
1226 1774 1533 1825 misericordia,
1566 1780 1611 1815 et
1638 1773 1742 1828 quid
1775 1779 1841 1814 est
1875 1773 2179 1823 misericordia,
2213 1779 2260 1816 et

457 1870 558 1911 quae
588 1856 776 1911 pertinet
808 1854 1124 1903 misericordiae,
1158 1860 1202 1896 et
1233 1855 1458 1909 quomodo
1489 1860 1577 1896 stat
1608 1867 1706 1895 cum
1733 1853 1907 1907 justicia
1939 1860 1982 1895 et
2013 1867 2111 1896 cum
2137 1853 2260 1908 justa

459 1936 690 1992 punicione
716 1935 896 1990 peccati.

575 2022 618 2067 [p.
641 2021 731 2065 335]
779 2015 933 2069 Nuper
969 2014 1084 2055 enim
1126 2028 1203 2068 per
1238 2028 1374 2056 unum
1411 2015 1664 2070 episcopum
1700 2027 1824 2055 amor
1862 2013 2031 2068 peccati
2071 2013 2260 2056 nutritur

459 2097 561 2151 quia
593 2095 843 2151 parochiani
879 2094 1006 2136 unius
1038 2094 1231 2136 ecclesiae
1268 2095 1502 2137 dixerunt:
1547 2094 1702 2136 ‘Nunc
1734 2094 1952 2136 credimus
1982 2094 2101 2148 quod
2134 2093 2258 2136 adul-

458 2177 617 2219 terium
663 2181 708 2218 et
749 2174 981 2216 fornicacio
1027 2173 1197 2215 nullum
1243 2182 1309 2217 est
1360 2180 1600 2229 peccatum,
1641 2173 1743 2227 quia
1787 2173 1823 2214 si
1864 2180 1978 2216 esset
2027 2179 2259 2228 peecatum

460 2258 691 2312 episcopus
732 2261 880 2296 noster
919 2254 1131 2308 privasset
1173 2260 1384 2296 rectorem
1426 2260 1624 2296 nostrum
1664 2268 1691 2295 a
1731 2267 1833 2296 cura
1872 2268 1962 2304 sua,
2000 2254 2103 2308 quia
2141 2253 2256 2308 epis-

460 2350 596 2391 copus
633 2335 753 2377 novit
789 2334 908 2388 quod
949 2340 1089 2375 rector
1122 2341 1269 2376 noster
1301 2334 1473 2389 publice
1515 2340 1669 2388 captus
1711 2339 1775 2375 est
1818 2334 1860 2375 in
1901 2333 2117 2376 adulterio
2157 2347 2259 2375 curn

460 2417 634 2471 propria
675 2413 950 2470 parochiana,
987 2427 1125 2455 uxore
1165 2413 1343 2456 alterius
1377 2414 1468 2465 viri,
1504 2420 1548 2455 et
1588 2419 1737 2455 tamen
1778 2414 2007 2468 episcopus
2048 2427 2134 2455 non
2179 2427 2258 2455 ex-

461 2497 571 2551 pulit
613 2510 712 2537 eum
753 2495 811 2537 ab
853 2493 926 2535 illa
967 2492 1096 2535 cura.'
1158 2494 1218 2535 Et
1261 2494 1393 2536 etiam
1438 2493 1617 2535 Oxonia
1657 2493 1834 2535 admisit
1874 2508 1975 2535 eum
2014 2499 2169 2549 postea
2209 2499 2258 2535 ut

461 2583 573 2618 esset
604 2577 759 2618 doctor
788 2575 1059 2617 decretorum
1093 2581 1137 2615 et
1170 2574 1227 2615 ibi
1259 2574 1404 2628 plures
1434 2573 1638 2624 violavit3
1677 2579 1720 2614 et
1752 2573 1812 2615 sic
1844 2588 1902 2615 ex
1932 2579 2032 2616 actu
2065 2572 2257 2627 episcopi

462 2662 506 2697 et
539 2671 595 2697 ex
632 2662 733 2698 actu
768 2654 958 2698 Oxoniae
995 2653 1241 2707 recipientis
1274 2654 1414 2695 bonos
1452 2659 1495 2695 et
1532 2653 1671 2695 malos
1707 2654 1762 2695 ad
1799 2654 1960 2708 gradus
1999 2666 2289 2708 suppremos—

462 2734 710 2777 scolasticos
761 2742 910 2778 secuta
960 2740 1058 2776 sunt
1105 2733 1293 2787 plurima
1342 2733 1457 2775 mala
1502 2739 1545 2774 et
1591 2734 1772 2775 audacia
1813 2734 2034 2788 peccandi.
2108 2732 2257 2773 Plures
