2456 3210
490 220 536 261 18
987 226 1119 262 LOCI
1154 227 1192 261 E
1231 227 1397 261 LIBRO
1446 225 1790 263 VERJTATUM.

484 383 563 411 nec
593 369 810 423 aspiciunt
835 369 904 410 vel
934 370 1198 411 contrarium
1220 369 1391 411 veritati
1408 368 1610 422 judicant
1632 374 1675 410 et
1695 382 1846 409 verum
1874 368 2030 411 salsum
2063 372 2107 410 et
2134 369 2292 411 falsum

482 463 634 491 verum
657 463 752 491 esse
773 450 1018 500 affirmant3
1051 450 1163 491 sicut
1185 456 1339 491 notum
1362 455 1428 490 est
1449 449 1506 490 de
1527 463 1614 490 uno
1637 449 1843 503 episcopo
1866 450 1908 490 in
1925 449 2098 498 wallia,
2121 449 2292 492 famoso

482 530 709 584 quondam
737 531 877 583 gradu
906 535 950 571 et
979 530 1175 580 sciencia,
1198 530 1271 583 qui
1294 529 1410 579 olim,
1432 529 1538 570 dum
1566 529 1647 570 suit
1668 529 1771 570 vitae
1797 529 1937 581 bonae,
1959 530 2085 581 dixit,
2107 530 2290 584 scripsit,

483 616 529 651 et
559 610 815 663 praedicavit
844 610 1070 663 quomodo
1102 609 1295 663 episcopi
1323 609 1562 651 residerent
1593 609 1636 650 in
1667 609 1756 650 suis
1788 609 1900 651 curis
1929 615 1974 651 et
2003 610 2292 664 praedicarent

483 689 618 731 verbo
652 696 696 731 et
729 690 949 744 exemplo,
972 696 1015 731 et
1043 696 1193 731 tamen
1225 696 1379 743 postea
1408 704 1486 744 per
1506 689 1764 731 instanciam
1795 690 2074 731 dominorum
2106 690 2290 731 munda-

484 783 651 822 norum,
672 770 753 811 sibi
785 770 829 810 in
861 770 1093 811 mundanis
1125 770 1455 820 condicionibus
1484 776 1529 811 et
1559 752 1741 825 capt-elis
1773 769 2076 822 consimilium,
2104 770 2298 824 adeptus-

485 856 551 891 est
573 850 875 904 episcopatum
898 850 942 890 in
963 850 1123 891 Wallia
1149 856 1193 891 et
1219 842 1402 892 diversis
1430 850 1554 892 annis
1575 850 1652 890 vix
1680 863 1814 904 parvo
1843 856 2043 904 tempore
2069 849 2152 891 fuit
2179 851 2293 892 intra

484 944 610 972 suam
632 930 852 981 diocesim,
874 931 951 971 sed
974 944 1155 971 manens
1177 930 1423 972 Londoniae
1449 930 1704 984 praedicavit
1731 930 1897 972 ibidem
1919 931 2038 985 quod
2062 930 2293 984 episcopus

485 1009 529 1050 in
556 1009 639 1052 hoc
667 1011 785 1064 quod
815 1017 882 1051 est
912 1010 1143 1064 episcopus
1175 1024 1262 1052 non
1288 1015 1461 1051 tenetur
1484 1009 1662 1064 populo,
1692 1010 1948 1064 accipiendo
1980 1010 2113 1051 istum
2144 1011 2293 1052 termi-

485 1103 589 1131 num
628 1090 864 1144 praedicare
900 1089 1077 1144 populo,
1112 1090 1369 1144 accipiendo
1405 1090 1538 1132 istum
1575 1091 1823 1142 terminum,
1858 1091 2107 1144 praedicare,
2138 1090 2182 1131 in
2214 1104 2294 1132 sua

483 1170 653 1212 famosa
696 1170 1036 1225 significacione,
1079 1177 1124 1212 et
1169 1171 1230 1212 sic
1276 1171 1461 1212 sciencia
1506 1171 1744 1213 destruitur
1789 1185 1867 1225 per
1912 1171 2292 1225 supervenientem

486 1251 782 1304 ignoranciam
806 1257 850 1292 et
871 1265 1060 1292 errorem
1082 1251 1126 1291 in
1148 1264 1328 1305 poenam
1350 1256 1628 1306 peccatorum
1650 1251 1998 1304 precedencium.

603 1331 894 1373 ‘Maledictus
925 1331 1105 1372 dolosus
1133 1331 1207 1385 qui
1233 1331 1367 1372 habet
1399 1331 1442 1372 in
1470 1344 1604 1385 grege
1632 1345 1709 1372 suo
1742 1330 1983 1373 masculum
2015 1337 2060 1373 et
2091 1331 2292 1373 immolat

489 1410 681 1453 Domino
712 1410 879 1463 debiles
909 1411 1015 1453 dicit
1048 1412 1266 1452 Dominus
1299 1411 1532 1453 Malachiae
1563 1411 1717 1466 primo,
1745 1411 1958 1453 consimili
1989 1425 2092 1453 vero
2123 1412 2293 1454 ratione

489 1491 749 1533 maledictus
781 1499 848 1534 est
878 1507 905 1534 a
937 1492 1036 1533 Deo
1073 1493 1146 1545 qui
1186 1491 1306 1545 eligit
1340 1498 1385 1533 et
1421 1492 1495 1545 qui
1534 1491 1635 1545 eligi
1668 1497 1873 1545 procurat
1909 1498 1952 1533 et
1986 1492 2060 1545 qui
2095 1492 2292 1533 admittit

489 1571 533 1613 in
574 1572 769 1625 regimen
806 1572 956 1626 populi
995 1578 1038 1613 et
1073 1572 1116 1613 in
1153 1586 1300 1613 curam
1342 1572 1587 1614 animarum
1624 1572 1897 1625 ignorantem
1934 1578 1978 1613 et
2014 1572 2203 1614 debilem
2246 1573 2290 1615 in

488 1651 651 1693 virtute
678 1653 734 1693 ad
764 1652 1089 1694 reformandum
1123 1651 1251 1702 mala,
1275 1658 1318 1693 et
1349 1658 1509 1706 potest,
1531 1652 1566 1693 si
1593 1652 1709 1701 velit,
1732 1652 1967 1694 admittere
1998 1666 2096 1693 eum
2129 1653 2171 1693 in
2201 1652 2291 1694 tale

489 1732 680 1774 officium
703 1732 777 1786 qui
808 1731 995 1773 habilior
1016 1738 1081 1773 est
1102 1732 1158 1773 ad
1186 1732 1271 1773 hoc
1296 1733 1387 1774 vita
1410 1739 1454 1774 et
1475 1732 1665 1783 scientia,
1687 1732 1894 1786 exemplo
1924 1732 2104 1774 Domini
2133 1733 2219 1787 qui,
2242 1739 2293 1774 ut

489 1818 614 1865 patet
651 1812 784 1854 Lucae
822 1817 892 1865 19⁰
923 1816 1002 1860 ca⁰‚
1035 1813 1202 1853 donum
1239 1826 1265 1853 a
1297 1827 1422 1854 servo
1458 1813 1604 1854 ocioso
1636 1812 1833 1854 ablatum
1864 1813 2072 1867 praecepit
2108 1813 2290 1855 conferri

490 1891 551 1932 illi
583 1892 658 1947 qui
693 1891 848 1933 habuit
884 1893 1037 1934 decem
1074 1892 1214 1933 minas
1254 1907 1330 1933 seu
1368 1893 1523 1934 decem
1563 1893 1691 1944 dona,
1717 1892 1819 1946 quia
1855 1892 1927 1933 ille
1969 1892 2133 1946 majora
2173 1893 2291 1934 bona

491 1986 624 2027 opera
655 1972 816 2014 fecerat
847 1978 891 2013 et
922 1973 1012 2014 vita
1044 1979 1087 2014 et
1118 1973 1303 2014 sciencia
1338 1973 1526 2014 habilior
1557 1972 1637 2013 suit
1668 1986 1801 2027 quam
1833 1972 1905 2013 ille
1936 1973 2009 2026 qui
2042 1979 2158 2015 recte
2190 1987 2292 2015 usus

490 2052 631 2095 fuerat
656 2053 849 2107 quinque
877 2053 1017 2102 donis,
1041 2059 1084 2094 et
1110 2052 1209 2094 ideo
1241 2052 1300 2093 illi
1332 2053 1455 2095 dedit
1486 2053 1690 2095 dominus
1720 2053 1885 2094 donum
1912 2053 1969 2094 ab
1994 2053 2141 2095 ocioso
2166 2067 2290 2095 servo

491 2133 704 2184 ablatum,
737 2133 810 2187 qui
846 2133 1000 2173 melius
1037 2133 1144 2173 illud
1180 2132 1343 2174 habere
1380 2133 1549 2181 meruit,
1585 2139 1628 2174 et
1660 2132 1735 2186 qui
1769 2132 1924 2174 melius
1965 2133 2120 2186 potuit,
2157 2134 2290 2184 novit,

492 2219 537 2254 et
572 2213 710 2255 voluit
751 2212 824 2254 illo
867 2213 927 2254 uti
970 2213 1024 2254 ad
1069 2213 1152 2253 Dei
1194 2212 1370 2255 laudem
1413 2219 1458 2255 et
1498 2213 1553 2254 ad
1595 2213 1839 2253 animarum
1882 2213 2079 2265 salutem,
2115 2219 2163 2255 ut
2203 2219 2290 2255 tes-

491 2300 611 2335 tatur
652 2292 842 2335 Sanctus
881 2292 1129 2346 Jeronimus
1169 2299 1321 2334 contra
1360 2292 1640 2346 Jovinianum
1681 2291 1921 2334 hereticum
1965 2293 2025 2334 li0.
2059 2293 2120 2347 ij0.
2197 2293 2288 2336 Sed

492 2374 643 2416 dicunt
680 2373 883 2427 episcopi,
919 2373 1173 2414 ‘Nescimus
1207 2373 1304 2426 quis
1337 2379 1402 2414 est
1437 2371 1625 2414 habilior
1659 2377 1708 2412 ut
1741 2372 1795 2413 sit
1828 2373 1870 2413 in
1912 2373 2054 2415 officio
2096 2374 2288 2416 ecclesiae

491 2454 548 2494 ad
570 2468 717 2496 curam
740 2450 1012 2495 animarum.'
1073 2452 1256 2494 Talibus
1279 2453 1395 2494 enirn
1418 2458 1564 2506 potest
1587 2457 1701 2492 recte
1725 2452 1824 2501 dici,
1849 2457 1858 2474 ‘
1875 2451 2006 2494 Scitis
2028 2467 2290 2507 cognoscere

491 2533 577 2575 alia
614 2540 785 2575 terrena
821 2539 865 2574 et
898 2533 1042 2574 dicere
1080 2533 1139 2573 sic
1177 2539 1218 2573 et
1254 2533 1315 2573 sic
1352 2539 1430 2581 est,
1464 2532 1539 2572 sed
1579 2531 1721 2572 dicitis
1755 2532 1797 2572 in
1831 2533 2115 2574 admittendis
2146 2532 2289 2574 homi-

492 2614 619 2654 nibus
659 2613 810 2656 officiis
851 2611 1055 2660 ecclesiae,
1092 2613 1308 2653 nescimus
1341 2612 1439 2665 quis
1476 2617 1542 2651 est
1577 2610 1733 2652 habilis
1769 2613 1824 2652 ad
1858 2611 1943 2654 hoc
1976 2627 2055 2654 nec
2090 2612 2186 2667 quis
2222 2618 2290 2654 est

493 2691 703 2744 habilior3
745 2693 944 2748 quamvis
981 2705 1113 2747 opera
1145 2692 1272 2739 bona,
1311 2692 1551 2739 maturitas,
1587 2697 1749 2744 gestUS,
1783 2698 1826 2733 et
1863 2707 1996 2746 opera
2033 2693 2208 2747 publica
2244 2693 2288 2733 in

491 2772 674 2814 salutem
712 2774 870 2815 animae
909 2773 1024 2814 facta
1055 2772 1295 2813 ostendunt
1325 2772 1462 2812 virum
1498 2785 1592 2813 esse
1628 2771 1885 2814 habiliorem
1923 2773 2008 2814 alio
2039 2774 2093 2814 ad
2131 2772 2288 2826 guber-
