2456 3210
677 251 808 288 LOCI
842 250 882 286 E
918 252 1085 288 LIBRO
1131 252 1476 288 VERJTATIMI.
1924 248 1978 301 67

176 407 279 450 quae
310 394 486 446 fecistis,
522 408 620 436 meo
653 394 839 445 defectu,
875 401 919 436 et
950 399 1130 449 propter
1162 394 1279 435 bona
1311 407 1456 447 opera,
1492 407 1592 448 quae
1627 394 1836 436 omisistis
1877 408 1977 436 meo

155 474 352 517 defectu
383 489 459 517 seu
487 473 801 530 negligencia3'
831 474 875 515 in
896 473 1154 528 Apocalipsi
1185 474 1301 515 enim
1330 474 1548 515 Dominus
1578 475 1807 529 episcopos
1833 488 1979 529 repre·

179 555 334 598 hendit
365 563 410 597 et
443 557 505 598 eis
545 555 908 609 dampnacionem
946 555 1147 605 minatur,
1182 568 1263 608 pro
1303 554 1431 596 malis
1470 568 1647 596 suorum
1689 555 1978 603 subditorum,

179 643 225 678 et
263 637 404 678 bonos
444 636 672 690 episcopos
712 634 793 676 sibi
838 635 1132 685 commendat,
1171 647 1251 689 pro
1292 635 1419 676 bonis
1461 634 1683 676 laboribus
1723 634 1837 676 circa
1876 636 1980 676 sub-

177 717 297 758 ditos
332 731 445 768 suos,
478 723 526 757 ut
561 721 748 757 testatur
785 714 976 756 Sanetus
1006 714 1255 768 Jeronimus
1290 728 1421 769 super
1456 714 1679 756 Micheam
1716 715 1978 770 prophetam

177 797 371 851 capitulo
405 803 550 838 sexto.
613 795 703 838 Sed
738 794 850 836 forte
884 795 1003 844 dicis,
1039 795 1240 836 ‘Bonum
1274 795 1419 836 habeo
1464 795 1751 836 substitutum
1793 802 1839 837 et
1877 796 1980 838 ideo

179 891 267 918 non
301 890 405 919 curo
437 877 493 918 de
522 876 725 918 absencia
755 889 854 917 mea
884 889 911 917 a
940 874 1068 925 cura,'
1096 876 1173 917 sed
1205 875 1316 916 scias
1346 876 1466 929 quod
1497 876 1572 929 qui
1603 889 1681 930 per
1708 875 1844 917 alium
1874 876 1981 918 facit

178 971 290 1011 opus
319 971 433 999 curae
462 970 553 998 suae
582 969 660 1011 per
688 969 736 997 se
766 969 854 996 non
883 955 998 1007 facit,
1030 956 1110 996 nisi
1141 955 1378 998 necessitas
1405 969 1510 996 vera
1539 957 1596 997 sit
1626 956 1670 996 in
1701 969 1834 998 causa
1864 956 1980 998 illius

178 1037 517 1088 substitucionis‚
553 1043 598 1078 et
632 1050 735 1077 vera
773 1036 979 1078 voluntas
1013 1049 1093 1090 per
1134 1050 1182 1076 se
1221 1035 1410 1078 faciendi
1446 1036 1482 1076 si
1518 1044 1700 1089 posset3
1745 1037 1820 1090 qui
1861 1037 1979 1077 enim

340 1161 441 1200 *481⁶
462 1165 631 1206 ‘2032st

179 1131 258 1172 per
286 1117 420 1159 alium
450 1117 471 1158 f
494 1118 565 1166 cit,
595 1117 740 1171 ipsum
770 1117 978 1158 vicarium
1009 1129 1137 1157 suum
1168 1116 1226 1157 ab
1256 1116 1462 1170 operibus
1494 1116 1621 1157 bonis
1656 1116 1848 1166 retrahit,
1879 1130 1981 1170 quae

381 1132 493 1282 Ᾰ
509 1196 748 1252 praesidens
782 1197 972 1238 officium
1004 1209 1132 1237 suum
1170 1202 1287 1237 recte
1321 1202 1366 1237 et
1396 1210 1476 1250 per
1504 1209 1551 1237 se
1581 1196 1821 1249 perficeret.
1882 1196 1981 1239 Oza

178 1198 407 1254 perficeret

179 1279 295 1320 enim
311 1278 478 1330 Levita,
494 1277 544 1332 ij⁰
558 1278 746 1332 Regum,
762 1285 892 1319 sexto
913 1276 1118 1331 capitulo,
1136 1289 1366 1330 percussus
1386 1276 1467 1318 fuit
1487 1277 1544 1317 ad
1567 1283 1767 1323 mortem,
1783 1277 1980 1319 Domino

177 1358 263 1401 hoc
299 1359 486 1410 volente,
526 1358 630 1412 quia
669 1371 758 1399 non
797 1357 987 1412 portavit
1027 1355 1205 1398 archam
1247 1356 1429 1398 Domini
1469 1370 1600 1411 super
1638 1358 1837 1412 proprios
1876 1371 1981 1399 suos

178 1439 394 1487 humeros,
430 1445 475 1480 et
509 1439 610 1480 ideo
649 1438 818 1480 occisus
858 1437 950 1489 fuit,
986 1444 1035 1479 ut
1070 1443 1259 1478 testatur
1294 1436 1485 1479 Sanctus
1523 1437 1773 1490 Jeronimus
1811 1439 1980 1488 doctor,

177 1520 223 1560 in
258 1519 587 1574 Quaestionibus
622 1531 753 1573 super
793 1518 1171 1572 Paralipomenon,
1208 1522 1253 1558 et
1294 1517 1498 1571 Epistola
1533 1519 1811 1572 sexagesima
1849 1525 1982 1560 sexta

176 1600 235 1641 ad
271 1600 515 1641 Fabianum
554 1599 788 1640 diaconum
825 1598 1027 1653 lapsum3
1072 1598 1108 1638 si
1142 1608 1246 1651 ergo
1280 1611 1361 1652 per
1393 1597 1529 1638 alium
1566 1598 1853 1640 substitutum
1885 1599 1980 1640 offi-

177 1681 293 1722 cium
317 1686 444 1722 tuum
468 1679 666 1734 impleas,
690 1678 842 1720 videas
869 1678 1176 1719 necessitatem
1204 1691 1339 1731 quare
1365 1684 1414 1719 tu
1445 1678 1539 1732 ipse
1570 1691 1658 1720 non
1690 1678 1808 1730 facis,
1828 1679 1980 1721 videas

177 1761 297 1815 quod
318 1761 526 1815 requisita
553 1773 698 1802 coram
721 1760 821 1801 Deo
848 1760 935 1801 sint
962 1759 1006 1800 in
1026 1764 1105 1800 tuo
1132 1759 1372 1800 substituto
1398 1758 1516 1801 vices
1541 1765 1642 1801 tuas
1668 1759 1913 1814 supplente,
1935 1766 1981 1802 et

177 1841 279 1883 vide
297 1842 414 1896 quod
435 1848 483 1884 tu
513 1855 600 1883 non
630 1841 689 1882 sis
716 1842 899 1894 ignavus
926 1852 1086 1889 servu3,
1107 1839 1213 1879 dum
1242 1844 1366 1880 tenes
1393 1839 1584 1881 officium
1610 1841 1743 1893 quod,
1767 1841 1803 1880 si
1830 1840 1981 1894 apcior

179 1926 225 1963 et
253 1921 406 1962 melior
428 1928 474 1963 te
493 1921 686 1970 haberet,
708 1920 848 1962 multo
873 1919 1019 1975 pluroe
1045 1926 1170 1960 actus
1189 1919 1331 1960 bonos
1358 1933 1507 1961 coram
1530 1920 1629 1962 Deo
1656 1920 1978 1974 multiplicaret,

179 2008 229 2042 ut
259 2002 399 2056 inquit
430 2001 620 2044 Sanctus
649 2001 898 2054 Jeronimus
929 2001 973 2041 in
1006 1999 1208 2053 Epistola
1236 1999 1294 2040 ad
1327 2000 1618 2042 Heliodorum
1649 2001 1916 2055 episcopum.

236 2081 440 2123 Tercium
470 2081 634 2123 flumen
659 2081 902 2122 Babiloniae
932 2079 1209 2130 confusionis,
1229 2093 1433 2134 mergens
1462 2081 1651 2135 plurima
1681 2095 1816 2135 opera
1842 2081 1978 2122 virtu-

179 2168 275 2203 tum
298 2168 341 2204 et
357 2161 597 2210 destruens,
615 2167 682 2203 est
699 2161 925 2215 pluralitas
946 2160 1237 2209 ecclesiarum,
1257 2173 1334 2202 seu
1354 2162 1700 2215 praebendarum,
1716 2175 1792 2202 seu
1813 2161 1978 2201 officio-

180 2255 304 2292 rum;
334 2240 493 2294 legitur
519 2242 637 2282 enim
664 2242 720 2282 de
748 2241 909 2294 Moyse
933 2239 1053 2294 quod
1082 2240 1301 2281 Dominus
1328 2241 1475 2282 divisit
1502 2255 1613 2283 onus
1640 2241 1732 2295 ejus
1760 2241 1803 2281 in
1831 2240 1978 2294 plures

179 2323 320 2363 bonos
355 2326 400 2362 et
434 2321 618 2362 scientes
651 2321 940 2375 coadjutores,
976 2326 1025 2361 ut
1059 2333 1194 2374 opera
1234 2320 1318 2362 Dei
1354 2321 1591 2375 perfeccius
1627 2327 1672 2362 et
1709 2320 1864 2361 melius
1899 2333 1977 2374 per

179 2401 325 2456 plures
354 2401 572 2455 operarios
604 2414 731 2443 veros
759 2400 1014 2455 perficeret3
1056 2406 1101 2441 et
1131 2400 1336 2442 dominus
1364 2402 1515 2453 vineae,
1547 2401 1736 2442 Matthei
1765 2400 1976 2441 vicesimo

181 2480 386 2535 capitulo,
418 2480 537 2522 misit
570 2480 715 2534 plures
745 2481 966 2535 operarios
999 2480 1043 2520 in
1075 2480 1248 2521 vineam
1281 2494 1420 2532 suam,
1451 2488 1496 2523 et
1529 2494 1616 2522 non
1649 2493 1784 2521 unum
1819 2493 1974 2532 opera-

180 2562 290 2602 rium
326 2561 383 2602 ad
415 2560 683 2614 operandum
718 2560 763 2601 in
794 2561 975 2602 diversis
1005 2560 1154 2609 vineis,
1188 2561 1291 2614 quia
1322 2561 1384 2602 sic
1415 2574 1527 2614 opus
1559 2566 1673 2601 esset
1706 2559 1975 2601 diminutum

180 2648 226 2683 et
246 2639 551 2694 imperfectum
572 2645 616 2680 et
643 2640 687 2680 in
714 2640 910 2693 pluribus
937 2641 1045 2682 locis
1064 2641 1289 2681 vinearum
1310 2640 1622 2682 detrimentum
1649 2645 1829 2693 propter
1848 2652 1973 2680 suam

179 2719 492 2775 impotenciam
514 2725 559 2761 et
578 2718 824 2761 defectum:
855 2721 956 2762 ideo
978 2720 1195 2762 Dominus
1215 2720 1414 2762 Actuum
1439 2720 1537 2773 xiij⁰
1557 2719 1683 2769 dixit,
1706 2723 1716 2741 ‘
1731 2717 1974 2773 Segregate

182 2801 311 2843 michi
343 2799 527 2841 Paulum
558 2806 603 2840 et
634 2799 879 2841 Barnabam
910 2800 954 2841 in
985 2814 1097 2853 opus
1129 2801 1184 2841 ad
1216 2801 1334 2854 quod
1366 2799 1580 2853 assumpsi
1613 2798 1710 2848 eos‚'
1737 2799 1764 2839 i.
1779 2813 1817 2840 e,
1845 2813 1972 2853 sepa-

1034 2877 1070 2909 K
1097 2880 1117 2908 2
