2456 3210
422 197 476 240 30
926 191 1058 228 LOCI
1092 192 1131 227 E
1170 191 1335 228 LIBRO
1384 191 1728 230 VERITATCM.

424 334 587 376 abbate
628 332 801 388 juravit,
841 334 952 376 sicut
999 333 1120 376 Deus
1159 335 1283 376 illum
1329 334 1557 390 adjuvaret
1598 342 1643 377 et
1677 335 1815 378 sancti
1862 334 1947 378 Dei
1980 335 2227 392 evangelia.

423 415 540 456 Tum
588 429 665 470 per
706 415 878 469 aliquos
919 421 963 457 et
1013 429 1176 470 paucos
1218 416 1384 458 amicos
1426 415 1662 470 Reginaldi
1704 416 1956 459 intimatum
2004 417 2085 460 fuit
2135 419 2226 473 regi

423 495 605 550 Angliae
643 496 762 550 quod
805 496 1026 550 predictus
1068 496 1354 551 Reginaldus,
1395 503 1500 539 tunc
1541 496 1627 539 nOn
1667 498 1899 552 episcopus
1939 511 2021 541 nec
2061 498 2217 542 doctOr

421 572 503 631 vpro
548 584 652 619 tunc
700 577 743 617 in
794 577 986 631 teologia
1028 577 1112 624 ‚suit
1157 592 1245 619 non
1297 592 1406 626 reus,
1446 579 1526 620 sed
1575 579 1754 620 omnino
1801 579 2018 632 immunis,
2059 586 2104 621 et
2144 579 2227 622 iste

425 658 710 712 Reginaldus,
743 658 816 712 qui
845 658 1010 712 absque
1039 658 1178 700 forma
1202 659 1349 713 aliqua
1374 659 1524 702 debita
1555 659 1598 701 in
1628 659 1808 702 Oxonia
1839 658 1896 702 ad
1927 660 2227 714 incipiendum

425 740 469 780 in
512 753 634 781 sacra
674 738 896 793 theologia
936 739 1077 781 factus
1119 747 1186 782 est
1220 741 1386 792 doctor,
1422 740 1584 782 ibidem
1630 754 1708 795 per
1745 741 1938 795 graciam
1979 754 2066 783 non
2111 741 2228 784 rexit

403 809 525 875 “post
571 820 849 862 doctoratum
898 833 978 862 nec
1025 821 1216 874 aliquem
1258 827 1407 863 actum
1447 821 1725 864 scolasticum
1776 822 1940 864 ibidem
1981 822 2083 864 fecit
2126 829 2229 878 post

424 902 713 952 doctoratum‚
750 901 827 942 sed
865 901 1010 955 plures
1046 901 1180 943 libros
1213 901 1489 957 Anglicanos
1523 916 1602 957 per
1632 903 1788 957 viginti
1823 916 1961 945 annos
2003 903 2142 945 edidit
2182 909 2265 946 et-

422 983 605 1036 scripsit‚
649 989 693 1023 et
738 989 893 1023 notum
934 988 1000 1026 est
1044 982 1242 1036 pluribus
1286 984 1405 1037 quod
1445 984 1625 1026 eosdem
1672 984 1929 1026 cancellavit
1971 997 2102 1026 manu
2123 980 2125 982 ’
2148 998 2228 1026 sua

422 1064 606 1117 propria,
640 1069 688 1104 ut
728 1062 861 1104 falsos
902 1061 1047 1115 libros,
1084 1070 1130 1105 et
1169 1071 1324 1118 postea
1360 1064 1466 1119 jam,
1502 1071 1551 1106 ut
1592 1065 1751 1107 dicitur
1790 1079 1816 1107 a
1856 1060 2047 1115 diversis,
2079 1065 2226 1120 plures

422 1144 562 1185 edidit
603 1149 647 1185 et
695 1144 867 1198 scripsit
914 1143 1048 1185 libros
1093 1144 1135 1185 in
1182 1144 1376 1199 Anglico
1420 1146 1591 1201 pejores
1640 1146 1866 1201 prioribus,
1913 1148 2030 1199 unde
2074 1153 2227 1190 contra

422 1226 555 1266 libros
588 1239 690 1266 suos
724 1224 1009 1279 Anglicanos,
1045 1226 1081 1267 si
1115 1226 1218 1268 mali
1251 1227 1409 1281 reperti
1442 1227 1612 1279 fuerint,
1645 1241 1745 1269 cum
1775 1228 1974 1270 venerint
2003 1228 2048 1269 in
2082 1227 2226 1270 lucem

422 1314 466 1348 et
507 1308 550 1347 in
591 1299 810 1357 noticiam,
852 1307 974 1348 Deus
1014 1307 1196 1361 inspiret
1236 1309 1369 1350 corda
1408 1302 1651 1360 doctorum,
1692 1314 1737 1350 et
1777 1314 1929 1350 contra
1968 1308 2226 1363 praedictam

422 1387 746 1429 conclusionem
781 1388 980 1442 primam,
1016 1389 1136 1442 quod
1175 1389 1380 1443 episcopi,
1417 1404 1469 1432 eo
1504 1390 1624 1444 quod
1659 1389 1865 1444 episcopi,
1896 1403 1984 1431 non
2021 1395 2228 1432 tenentur

422 1469 595 1522 publice
630 1469 868 1522 praedicare
901 1483 979 1511 suo
1016 1470 1181 1523 populo
1217 1484 1293 1511 seu
1330 1470 1494 1512 diocesi
1534 1470 1729 1525 arguitur
1762 1470 1836 1512 sic.
1912 1470 2033 1512 Inter
2071 1483 2226 1512 omnes

422 1556 547 1591 actus
577 1564 687 1603 quos
719 1550 936 1591 Dominus
966 1551 1177 1605 praecepit
1209 1551 1266 1593 ab
1296 1552 1507 1606 apostolis
1538 1552 1630 1593 fore
1665 1550 1936 1593 exercendos
1966 1551 2225 1605 praedicacio

421 1630 504 1671 fuit
525 1631 758 1684 praecipua,
782 1645 834 1672 eo
855 1632 974 1685 quod
997 1646 1055 1673 ex
1077 1639 1177 1674 actu
1206 1632 1282 1674 illo
1311 1633 1506 1674 maxima
1532 1625 1651 1674 bona
1665 1632 1914 1674 animarum
1935 1637 2256 1686 pervenerunt-

423 1718 467 1753 et
500 1712 584 1753 hoc
617 1711 660 1752 in
690 1712 809 1752 brevi
842 1719 1054 1767 tempore.
1131 1713 1250 1755 Nam
1286 1728 1373 1756 una
1407 1713 1479 1756 die
1511 1718 1557 1769 3²
1586 1713 1706 1755 milia
1737 1705 1786 1755 etv
1811 1712 1897 1754 alia
1926 1713 1998 1755 die
2030 1712 2225 1767 quinque

424 1792 542 1833 milia
588 1791 816 1833 hominum
862 1806 939 1846 per
983 1794 1346 1847 praedicacionem
1394 1795 1515 1838 verbi
1566 1793 1646 1837 Xti
1696 1794 1891 1836 conversi
1942 1793 2118 1837 fuerunt
2166 1795 2224 1837 ad

422 1871 576 1924 Xtum,
608 1878 656 1913 ut
689 1878 813 1926 patet
837 1871 1035 1914 Actuum
1070 1874 1134 1928 iij⁰
1169 1881 1213 1917 et
1246 1875 1327 1930 iiij⁰
1360 1874 1575 1931 capitulis.
1716 1863 1721 1867 ”

537 1959 586 2002 [p.
620 1958 712 2002 349]
786 1952 901 1994 Item
943 1955 1187 1996 ostenditur
1228 1956 1289 1997 sic
1330 1946 1451 2009 quod
1492 1954 1685 2009 episcopi
1725 1960 1933 1997 tenentur
1971 1955 2222 2010 praedicare.

422 2032 632 2087 Episcopi
672 2033 776 2074 olim
813 2033 986 2076 fuerunt
1022 2036 1159 2077 curati
1193 2037 1448 2088 immediati,
1481 2036 1593 2078 sicut
1619 2035 1712 2090 jam
1743 2042 1846 2077 sunt
1877 2042 2066 2078 rectores
2096 2050 2223 2091 paro-

422 2114 582 2156 chiales
618 2120 662 2155 et
697 2115 855 2167 vicarii,
887 2114 992 2156 olim
1030 2117 1147 2157 enim
1182 2130 1268 2158 una
1308 2117 1490 2159 ecclesia
1525 2129 1601 2158 seu
1636 2129 1722 2157 una
1754 2115 1858 2157 villa
1891 2114 2046 2158 habuit
2087 2129 2222 2158 unum

421 2196 675 2248 episcopum
702 2209 830 2235 suum
856 2202 1067 2237 rectorem
1098 2203 1141 2238 et
1162 2210 1310 2239 secum
1333 2203 1637 2251 cooperatores
1665 2196 1939 2251 presbiteros,
1961 2198 2036 2251 qui
2062 2199 2101 2238 ei
2128 2197 2221 2240 dati

422 2282 546 2316 erant
587 2276 631 2316 in
671 2274 897 2325 auxilium,
939 2283 986 2317 ut
1022 2276 1156 2318 levius
1192 2292 1302 2319 onus
1338 2283 1544 2332 portaret,
1579 2267 1708 2318 et'ut
1740 2290 1839 2318 cum
1875 2292 1927 2319 eo
1961 2284 2222 2332 coagerent;

421 2368 509 2395 non
540 2361 689 2396 autem
721 2361 957 2396 excusatur
988 2358 1230 2411 episcopus,
1263 2372 1314 2400 eo
1350 2358 1469 2412 quod
1510 2357 1873 2412 superintendens
1909 2365 1977 2400 est
2008 2371 2134 2410 curae,
2164 2359 2222 2401 ab

420 2442 521 2476 actu
553 2435 762 2477 inferioris
793 2437 929 2478 curati
961 2439 1218 2480 necessitate
1250 2445 1444 2493 urgente,
1466 2439 1570 2492 quia
1601 2444 1835 2493 utrumque
1864 2425 2012 2481 actum
2042 2438 2222 2481 diversis

405 2500 586 2557 'vicibus
618 2523 663 2557 et
696 2516 967 2570 interpolatis
1000 2519 1165 2560 vicibus
1199 2526 1346 2574 potest
1382 2519 1599 2574 perficere.

536 2602 585 2644 [p.
628 2603 719 2645 3:³2]
799 2596 898 2651 Ego
945 2598 1072 2647 enim,
1120 2599 1276 2641 doctor
1324 2598 1521 2641 Thomas
1571 2606 1614 2640 et
1667 2598 1962 2642 Cancellarius
2016 2600 2218 2652 Oxoniae,

423 2689 575 2728 regens
606 2677 768 2718 ibidem
808 2691 884 2731 per
917 2678 978 2718 xii
1011 2692 1150 2720 annos
1186 2679 1228 2720 in
1265 2694 1388 2722 sacra
1418 2679 1651 2733 theologia,
1684 2681 1790 2721 dum
1822 2682 1974 2723 vixero
2009 2681 2219 2735 plangere

422 2761 526 2807 opto
556 2770 699 2797 coram
724 2757 835 2808 Deo,
859 2771 912 2799 eo
939 2758 1058 2812 quod
1085 2772 1141 2800 cx
1164 2758 1328 2813 judicio
1358 2774 1456 2803 meo
1485 2759 1645 2802 debitae
1668 2760 1970 2814 praedicacioni
1992 2760 2110 2803 verbi
2134 2760 2218 2802 Dei
