2456 3210
588 247 719 284 LOCI
753 247 792 281 E
830 245 994 281 LIBRO
1041 243 1385 280 VERJTATUM.
1840 247 1894 289 95

93 394 407 436 nutrimentum
429 391 604 446 majoris
622 391 797 433 virtutis
815 403 963 432 coram
985 389 1095 440 Deo,
1119 394 1165 430 et
1191 387 1346 430 salutis
1365 387 1625 439 animarum,
1647 391 1692 429 et
1713 388 1893 442 quando

92 473 377 516 observancia
410 472 510 515 talis
541 485 630 513 non
664 471 726 513 sic
760 470 904 521 cedit;
945 476 991 511 et
1025 469 1088 510 sic
1121 468 1227 510 fecit
1261 467 1452 511 Sanctus
1485 468 1607 522 Papa
1644 467 1894 522 Gregorius,

91 559 145 596 ut
163 560 288 608 patet
307 554 352 595 in
372 567 452 594 suo
473 552 692 606 Registm,
712 551 890 605 quando
909 549 1108 604 permisit
1123 548 1340 603 Anglicos
1361 555 1466 590 tunc
1488 554 1671 590 vocatos
1693 549 1895 590 Britones

94 634 259 676 nubere
288 633 400 675 infra
431 639 488 686 7ιιι
514 632 701 686 gradum
731 630 1132 685 consanguinitatiS,
1153 643 1210 670 ne
1238 629 1296 670 ob
1322 628 1542 670 desectum
1573 629 1674 670 talis
1701 628 1895 671 licencia:

95 714 143 755 in
181 714 394 768 principio
435 712 713 755 admissionis
750 711 855 753 fidei
894 711 1075 753 Xtianae
1112 723 1192 764 per
1229 709 1412 751 beatum
1448 708 1764 763 Augustinum‚
1798 708 1896 750 An-

95 793 270 848 glorum
291 794 541 845 doctorem,
573 792 708 834 fidem
744 791 824 833 Xti
860 784 1017 845 plures
1040 797 1145 832 tunc
1185 790 1229 831 in
1265 789 1433 844 Anglia
1473 804 1562 831 non
1602 789 1896 844 recepissent3

95 880 254 928 postoe
286 879 448 925 tamen,
482 873 571 915 fide
599 872 800 921 solidata,
831 872 946 913 hanc
975 871 1203 913 licenciam
1236 870 1298 912 eis
1332 884 1419 912 non
1450 870 1659 924 permisit,
1694 877 1742 911 ut
1772 877 1898 924 patet

102 959 175 1008 13⁰
203 954 315 996 libto
345 953 536 1009 Registri
566 952 719 995 Sancti
750 951 950 1006 Gregorii
982 952 1126 1006 Papae,
1156 951 1183 992 i.
1197 965 1234 992 e.
1265 951 1309 991 in
1350 955 1423 1006 13⁰
1452 951 1565 992 libro
1596 951 1898 1005 Epistolarum

97 1047 288 1076 suarum.
343 1033 601 1088 Aliquando
633 1033 750 1074 enim
781 1032 902 1086 Papa
931 1032 976 1073 in
1007 1031 1156 1073 dando
1191 1031 1419 1073 licenciam
1455 1045 1544 1073 non
1578 1038 1744 1086 peccat,
1776 1032 1897 1085 quod

98 1120 250 1157 sancte
282 1114 513 1156 intendens
545 1114 590 1154 in
624 1112 939 1154 informacione
968 1112 1195 1166 decipitur,
1223 1111 1295 1153 vel
1328 1112 1492 1154 veritas
1522 1112 1691 1166 negocii
1727 1112 1785 1153 ab
1820 1112 1895 1153 illo

98 1195 353 1246 occultatur,
391 1199 438 1236 et
474 1194 544 1236 vel
585 1193 836 1248 ignorancia
876 1192 1104 1246 decipitur,
1143 1191 1215 1233 vel
1255 1192 1389 1234 nimia
1430 1192 1766 1247 importunitate
1803 1194 1898 1233 vin—

99 1275 222 1326 citur,
251 1280 303 1317 ut
330 1280 518 1317 testatur
548 1274 738 1316 Sanctus
771 1272 1018 1315 Bernardus
1050 1272 1094 1313 in
1127 1272 1331 1326 Epistola
1362 1286 1443 1313 sua
1471 1273 1530 1313 ad
1562 1271 1715 1313 Adam
1747 1286 1899 1314 mona-

99 1354 231 1397 chum
259 1364 361 1410 quae
393 1354 556 1409 incipit,
587 1353 662 1396 ‘Si
695 1367 893 1395 maneres
926 1353 971 1393 in
1006 1350 1213 1394 caritate.’
1273 1352 1364 1394 Sed
1391 1366 1460 1393 vae
1492 1352 1601 1394 illis!
1645 1366 1671 1394 a
1704 1353 1899 1394 Domino

101 1435 213 1486 Deo,
231 1435 307 1490 qui
335 1435 565 1477 dominum
595 1434 762 1489 Papam
793 1434 853 1475 sic
884 1433 1120 1486 decipiunt,
1143 1433 1213 1474 vel
1244 1446 1323 1486 pro
1353 1433 1473 1474 lucro
1502 1447 1579 1474 seu
1608 1432 1769 1485 favore,
1790 1434 1899 1475 veri-

99 1521 242 1558 tatem
280 1515 338 1557 ab
372 1529 426 1557 eo
465 1515 701 1557 occultant.
769 1514 852 1556 Vae
895 1513 1005 1554 illis!
1050 1513 1125 1567 qui
1165 1519 1319 1554 contra
1358 1513 1625 1567 apostolum,
1659 1514 1800 1568 prima
1840 1516 1897 1555 ad

100 1595 363 1638 corintheos
385 1593 441 1646 8⁰,
462 1601 648 1638 utuntur
670 1595 851 1637 licencia
875 1608 954 1635 sua
978 1594 1023 1634 in
1047 1593 1371 1644 offendiculum,
1398 1600 1443 1635 et
1470 1594 1513 1634 in
1541 1594 1712 1635 ruinam
1739 1595 1900 1635 animae

101 1689 206 1726 suae,
228 1682 275 1718 et
303 1676 348 1718 in
368 1676 683 1718 detrimentum
707 1676 919 1717 aliorum:
951 1671 1161 1725 ‘Videte‚’
1182 1674 1324 1728 inquit
1351 1674 1590 1728 apostolus,
1611 1677 1691 1716 ‘ne
1718 1674 1900 1717 licencia

101 1762 247 1799 vestra
284 1756 596 1799 offendiculum
632 1734 711 1798 liat
745 1752 954 1803 infirmis‚’
989 1755 1017 1795 i.
1033 1768 1071 1795 e.
1107 1754 1279 1796 occasio
1313 1754 1482 1808 peccati
1517 1754 1819 1808 ignorantibus
1855 1763 1900 1798 et

103 1835 371 1891 simplicibus
410 1837 485 1891 qui
531 1837 736 1891 ignorant
786 1843 831 1878 et
878 1840 1036 1877 errant.
1115 1834 1242 1876 Licet
1289 1835 1405 1876 enim
1454 1835 1574 1888 Papa
1619 1836 1743 1878 dedit
1787 1836 1900 1879 forte

106 1921 259 1961 sancta
291 1915 539 1960 intencione
572 1916 800 1959 licenciam
832 1916 925 1966 tibi,
957 1916 1015 1957 ad
1049 1914 1214 1970 aliquid
1248 1914 1501 1956 habendum
1532 1915 1601 1957 vel
1637 1915 1898 1966 faciendum,

107 2009 197 2037 non
227 2001 325 2038 tum
354 1997 479 2039 dedit
516 2010 598 2040 nec
632 1998 739 2040 dare
778 2002 925 2051 potest
965 1996 1191 2037 licenciam
1231 1996 1289 2037 ad
1324 1996 1385 2036 sic
1424 1995 1672 2037 faciendum
1712 1997 1781 2037 vel
1821 1998 1899 2038 tali

107 2076 242 2118 modo
274 2076 534 2128 faciendum,
563 2091 653 2131 quo
688 2078 823 2119 modo
855 2076 1003 2131 plures
1035 2077 1286 2127 abutuntur,
1324 2082 1438 2118 teste
1474 2075 1640 2118 Sancto
1674 2077 1899 2129 Jeronimo

107 2169 240 2210 super
268 2155 511 2199 Matheum.
581 2157 881 2212 Exemplum:
926 2154 1046 2210 Papa
1076 2155 1189 2197 sorte
1219 2156 1455 2198 instructus
1483 2162 1530 2198 te
1560 2170 1654 2197 esse
1683 2164 1896 2205 sanctum,

108 2236 302 2287 doctum,
330 2241 376 2278 et
405 2237 552 2292 magni
581 2237 663 2280 zeli
691 2238 847 2289 virum,
875 2237 1073 2279 licenciat
1102 2236 1195 2288 tibi,
1218 2242 1397 2290 propter
1424 2235 1590 2289 majora
1619 2250 1752 2290 opera
1781 2237 1899 2278 bona

109 2316 267 2367 fienda,
296 2322 346 2358 ut
378 2316 543 2360 habeas
572 2319 683 2360 duas
719 2318 937 2369 ecclesias,
971 2318 1081 2359 duas
1116 2330 1298 2371 magnas
1333 2317 1605 2371 praebendas.
1635 2322 1680 2357 et
1714 2317 1803 2357 duo
1834 2317 1899 2358 in-

107 2396 407 2452 compatibilia
445 2410 506 2439 ex
543 2398 654 2452 jure,
695 2405 741 2441 et
778 2405 840 2449 tu,
881 2398 1069 2440 abutens
1114 2403 1191 2439 tua
1234 2397 1424 2448 licencia,
1464 2397 1669 2451 pecunias
1716 2396 1898 2450 colligis,

110 2485 160 2521 ut
194 2478 239 2519 in
272 2477 572 2532 voluptatibus
608 2484 654 2520 et
682 2480 728 2521 in
758 2479 912 2521 mundi
941 2478 1107 2520 honore
1134 2477 1267 2526 vivas,
1299 2491 1447 2519 curam
1478 2477 1675 2518 debitam
1703 2475 1897 2530 negligis,

109 2571 267 2614 parum
295 2557 415 2612 quod
443 2557 561 2607 facis,
587 2572 666 2613 per
692 2558 827 2601 alium
856 2559 976 2608 facis,
1009 2571 1090 2599 nec
1118 2557 1305 2611 qualiter
1334 2557 1395 2608 fit,
1418 2557 1623 2604 attendis
1649 2562 1696 2597 tu
1727 2556 1899 2598 ociosus

110 2646 158 2682 et
187 2640 232 2682 in
261 2638 428 2681 deliciis
460 2638 671 2688 ambulas,
700 2653 781 2682 nec
814 2645 1072 2694 cooperator
1100 2644 1278 2679 actuum
1308 2651 1423 2679 curae
1451 2636 1699 2677 debitorum
1729 2636 1898 2684 existis,

105 2720 190 2762 -sed
229 2717 476 2761 mercedem
516 2731 596 2771 pro
638 2720 962 2762 sustentacione
1000 2726 1077 2761 tua
1115 2718 1159 2758 in
1200 2731 1303 2759 cura
1338 2718 1395 2758 de
1434 2729 1535 2757 cura
1576 2714 1741 2768 recipis,
1775 2721 1820 2757 et
1854 2716 1898 2756 in

111 2800 290 2843 delicias
323 2806 425 2842 tuas
460 2798 688 2852 expendis,
721 2804 767 2841 et
800 2806 952 2842 sancta
984 2812 1118 2854 opera
1152 2811 1231 2852 per
1269 2798 1341 2839 illa
1377 2797 1493 2837 bona
1528 2794 1720 2837 eccloeiae
1753 2795 1901 2837 fienda
