2456 3210
410 181 464 233 56
906 185 1037 221 LOCI
1072 185 1110 220 E
1150 185 1314 220 LIBRO
1362 184 1703 221 VERJTATUM'.
2411 0 2456 263 1

408 330 647 384 Jeronimo,
661 329 770 371 libro
793 343 872 370 suo
893 328 992 382 xvj⁰
1011 342 1141 383 super
1156 328 1351 377 Ysaiam‚
1367 328 1442 381 qui
1463 327 1703 369 inhabilem
1719 326 1789 369 vel
1811 340 1899 368 non
1921 327 2210 369 sufficientem
2444 281 2456 426 1

408 411 593 462 ordinat,
612 410 683 452 vel
714 410 901 452 ordinari
929 416 1132 464 procurat
1159 410 1204 451 in
1225 409 1416 450 officium
1437 408 1644 460 ecclesiae,
1665 422 1764 450 reus
1785 414 1852 450 est
1873 407 2087 449 malorum
2108 420 2212 461 quae
2446 435 2456 479 ι

408 505 488 546 per
514 491 650 533 talem
678 491 949 544 perveniunt,
974 497 1018 532 et
1039 490 1284 531 omissionis
1309 489 1526 531 bonorum
1545 495 1645 543 quae
1675 503 1702 531 a
1731 488 1962 531 sufficienti
1991 494 2039 530 et
2066 502 2093 530 a
2115 487 2209 529 viro
2446 486 2456 548 1

409 571 496 613 Dei
532 571 834 625 pervenirent3
881 571 983 624 quia
1022 571 1058 611 si
1097 569 1315 620 ordinans,
1356 583 1433 610 seu
1484 568 1661 624 eligens,
1697 575 1742 610 et
1792 582 2028 623 procurans
2073 567 2209 610 talem

407 651 609 702 ordinari,
635 651 835 693 debitum·
866 665 994 692 suum
1025 664 1173 692 coram
1199 651 1298 691 Deo
1326 649 1540 701 fecissent,
1562 664 1643 692 nec
1664 650 1770 692 talia
1790 649 1907 693 mala
1929 664 1987 691 ex
2007 654 2108 691 actu
2128 662 2212 690 suo

407 738 703 784 sequerentur,
726 745 806 773 nec
835 737 904 772 tot
932 731 1050 772 bona
1079 745 1212 784 opera
1241 731 1394 772 debita
1423 730 1514 772 fieri
1544 715 1862 782 omitterentur,
1883 736 1928 772 et
1952 732 1989 773 si
2009 730 2209 772 debitum

406 825 533 852 suum
554 811 757 853 fecissent
783 816 888 853 ante
915 812 1252 862 ordinacionem,
1272 811 1380 853 talia
1404 810 1521 853 mala
1547 811 1864 865 praevidissent.
1937 811 2065 853 Heu!
2097 817 2208 864 quot

407 892 579 945 patroni
616 891 897 933 ecclesiarum
930 898 974 934 et
1014 893 1251 934 intrusores
1282 892 1563 947 praelatorum
1597 899 1641 934 et
1676 899 1905 943 rectorum,
1936 899 1982 935 et
2009 892 2208 946 judicum

407 978 452 1014 et
481 960 786 1014 officiariorum
815 986 896 1027 pro
926 972 1043 1015 facto
1074 961 1153 1014 suo
1189 973 1307 1015 malo
1341 975 1386 1014 in
1420 987 1499 1015 sua
1535 973 1652 1015 mala
1682 974 1961 1015 ordinacione
1991 973 2212 1015 malorum.

408 1053 614 1105 capitum,
646 1052 689 1094 id
723 1058 802 1103 est,
832 1053 998 1107 populo
1030 1053 1127 1104 Dei,
1159 1054 1304 1095 dicere
1334 1060 1519 1108 possunt
1548 1055 1714 1108 populo
1745 1056 1916 1105 erranti,
1947 1062 1992 1097 et
2021 1068 2101 1108 per
2132 1068 2208 1096 eos

407 1132 523 1184 laeso,
557 1137 566 1154 ‘
581 1133 664 1175 Per
684 1147 785 1175 eum
807 1147 941 1187 quem
963 1134 1166 1176 dedimus
1186 1135 1311 1176 vobis
1335 1135 1698 1176 circumvenimus
1717 1133 1820 1186 vos,’
1850 1136 1878 1177 i.
1896 1150 1933 1177 e.
1965 1136 2208 1189 decipimus

406 1227 484 1254 vos
505 1219 669 1254 contra‘
678 1219 876 1255 sanctam
898 1213 1183 1256 collacionem
1200 1216 1462 1257 sanctissimi
1481 1214 1604 1256 Pauli
1625 1214 1846 1266 facientes,
1864 1216 1937 1269 qui
1959 1214 2208 1257 consimiles

407 1293 487 1334 sibi
508 1294 714 1335 ordinans
744 1294 787 1335 in
814 1296 1042 1349 episcopos
1073 1301 1118 1337 et
1148 1302 1337 1337 rectores
1367 1297 1612 1337 animarum
1643 1295 1758 1337 dixit
1787 1300 1832 1337 2¹²
1855 1295 1912 1336 ad
1945 1295 2207 1338 Corintheos

412 1378 493 1423 12⁰,
525 1374 761 1428 ‘Nunquid
791 1389 869 1429 per
902 1376 1097 1430 aliquem
1123 1390 1285 1425 eorum,
1310 1390 1421 1430 quos
1449 1376 1547 1418 misi
1573 1376 1631 1418 ad
1657 1389 1748 1427 vos,
1781 1375 2043 1417 circumveni
2069 1374 2206 1419 vos?'

406 1455 645 1495 ostendens
681 1457 799 1509 quod
837 1470 923 1498 non
958 1457 1134 1511 decepit
1165 1471 1251 1507 eos,
1287 1463 1332 1499 et
1367 1470 1545 1499 causam
1581 1456 1736 1507 reddit,
1771 1456 2009 1510 ‘Nunquid
2046 1458 2206 1499 eodem

407 1534 561 1588 spiritu
607 1541 651 1576 et
694 1535 859 1578 eisdem
904 1538 1099 1591 vestigiis
1144 1535 1473 1579 ambulamus?'
1523 1537 1608 1578 hoc
1648 1537 1766 1577 enim
1806 1543 2035 1590 peccatum
2077 1537 2206 1579 malae

407 1614 699 1668 promocionis
733 1617 954 1670 praecipue
986 1623 1113 1671 optat
1145 1618 1346 1659 diabolus
1378 1625 1423 1659 et
1452 1623 1667 1671 procurat,
1698 1617 1800 1670 quia
1836 1622 1940 1658 tunc
1975 1630 2054 1659 nec
2090 1618 2206 1660 mala

406 1694 701 1745 destruuntur,
722 1709 804 1737 nec
835 1697 1142 1750 impediuntur,
1166 1711 1246 1740 nec
1275 1698 1392 1739 bona
1418 1711 1552 1752 opera
1580 1696 1702 1748 fiunt,
1725 1710 1824 1750 quae
1845 1696 2001 1737 fierent
2021 1711 2031 1748 ;
2062 1697 2206 1740 malus

407 1776 525 1816 enim
550 1781 692 1817 rector
712 1789 788 1817 seu
810 1776 952 1818 malus
982 1778 1222 1832 praesidens
1254 1778 1372 1820 mala
1391 1777 1507 1828 facit,
1529 1783 1574 1819 et
1598 1777 1715 1819 bona
1735 1776 1887 1818 debita
1908 1776 2000 1818 fieri
2022 1777 2204 1827 omittit,
2332 1797 2359 1833 x,

407 1861 452 1897 et
483 1855 601 1897 mala
630 1869 719 1896 non
750 1857 946 1907 destruit,
974 1863 1019 1899 et
1048 1871 1127 1911 per
1158 1872 1259 1900 eum
1290 1865 1335 1901 et
1366 1872 1445 1913 per
1478 1863 1579 1900 acta
1611 1856 1704 1911 ejus
1735 1856 1853 1899 mala
1883 1857 1927 1898 in
1955 1857 2051 1898 aliis
2080 1858 2203 1909 fiunt,
2228 1829 2282 1884 ‘m

408 1941 453 1976 et
474 1935 599 1989 plura
619 1949 755 1989 opera
774 1936 891 1978 bona
914 1938 957 1978 in
986 1937 1081 1991 ipso
1114 1945 1157 1980 et
1186 1953 1266 1992 per
1292 1939 1436 1993 ipsum
1461 1939 1505 1979 in
1527 1937 1622 1979 aliis
1643 1937 1916 1986 omittuntur,
1938 1943 1988 1980 ut
2017 1878 2398 2059 testabfilo‘y

409 2014 600 2057 Sanctus
628 2016 877 2069 Jeronimus
910 2031 1041 2072 super
1067 2019 1367 2061 Ecclesiasten
1394 2023 1464 2061 ca⁰
1494 2017 1666 2060 decimo
1689 2024 1854 2069 textus,
1876 2018 1983 2060 ‘Est
2014 2017 2103 2060 mal
2136 2017 2204 2069 m,'

408 2096 548 2150 inquit
570 2082 792 2147 Salamon‚
817 2098 958 2151 ‘quod
979 2098 1067 2140 vidi
1098 2099 1181 2140 sub·
1200 2099 1304 2151 sole,
1325 2099 1450 2153 quasi
1470 2111 1550 2152 per
1569 2111 1757 2139 errorem
1780 2098 2008 2151 egrediens
2036 2112 2064 2140 a
2093 2097 2204 2141 facie

407 2175 626 2231 principis,
647 2178 838 2230 positum
870 2177 1055 2219 stultum
1085 2179 1129 2220 in
1160 2179 1378 2233 dignitate
1407 2178 1594 2228 sublimi,
1616 2184 1661 2219 et
1691 2178 1858 2229 divites,
1879 2191 1939 2220 sc.
1970 2179 2014 2220 in
2042 2178 2204 2220 virtute

409 2261 453 2297 et
487 2255 531 2297 in
572 2257 769 2308 sciencia,
799 2258 953 2323 sedere
995 2258 1212 2309 deorsum,
1250 2266 1294 2301 et
1333 2272 1480 2301 servos
1513 2271 1646 2311 super
1677 2272 1824 2312 equOS,
1856 2272 1916 2300 sc.
1951 2258 2121 2313 peccati
2156 2264 2203 2300 et

407 2331 682 2389 ignoranciae,
715 2343 760 2379 et
789 2338 1006 2391 principes
1036 2327 1324 2396 ambulantes,
1355 2352 1414 2381 sc.
1442 2338 1652 2380 virtutum
1683 2329 1728 2379 e‘t
1758 2339 2051 2390 scienciarum,
2076 2339 2202 2392 quasi

407 2417 519 2457 servi
540 2430 670 2471 super
688 2423 849 2459 terram
865 2415 896 2468 ;’
928 2417 1216 2461 Ecclesiastes
1236 2419 1407 2461 decimo
1427 2417 1632 2472 capitulo.
1684 2417 1806 2460 Mala
1826 2419 1943 2460 enim
1964 2418 2201 2473 promocio,

408 2498 584 2548 quando
614 2496 748 2538 homo
778 2498 951 2540 ordinat
980 2498 1193 2540 festucam
1224 2499 1298 2540 ubi
1328 2504 1511 2552 poneret
1540 2497 1833 2552 columpnam,
1864 2499 1889 2541 i.
1902 2513 1940 2540 e.
1972 2499 2047 2552 qui
2076 2498 2203 2552 ponit

407 2576 613 2627 debilem,
628 2569 823 2629 inscium,
837 2577 1068 2629 carnalem,
1082 2585 1126 2620 et
1141 2585 1403 2633 torpentem,
1418 2578 1492 2619 ubi
1509 2584 1691 2632 poneret
1708 2578 2201 2628 scientem,‘virtu0surn,

407 2662 452 2697 et
487 2657 629 2699 zelum
658 2658 903 2722 animarum
935 2658 1199 2710 habentem3
1243 2673 1311 2700 vae
1351 2659 1437 2700 illi!
1484 2659 1587 2712 quia
1620 2673 1731 2714 opus
1767 2659 1864 2711 Dei,
1892 2659 2039 2709 immo,
2074 2657 2202 2713 plura

407 2749 540 2789 opera
577 2737 673 2789 Dei,
705 2752 783 2792 per
818 2738 951 2780 talem
989 2739 1267 2793 negliguntur
1299 2744 1343 2781 et
1375 2738 1651 2781 omittuntur.
1712 2736 2026 2791 ‘Maledictus‚’
2060 2737 2202 2792 inquit
