2456 3210
706 327 838 372 Loci
871 326 911 371 E
949 327 1117 372 Llss'leo
1163 327 1366 373 VERJTA
1376 337 1509 372 Τωῑ.
1934 338 2014 382 145

206 473 421 533 homines,
453 487 498 523 et
528 482 788 536 impediunt,
820 483 940 536 quod
973 489 1054 524 n'ec
1083 487 1268 537 possunt
1308 497 1389 525 nec
1422 483 1578 524 volunt
1613 474 1867 536 expendere
1894 479 2015 520 bona

207 561 323 604 circa
360 568 514 604 sancta
554 577 703 617 opera,
738 569 785 604 et
823 563 939 605 circa
968 563 1167 605 salutem
1202 563 1461 614 animarum,
1497 569 1543 605 et
1583 563 1697 604 circa
1734 561 1872 603 libros
1910 560 2015 602 scri-

206 632 389 694 bendos,
419 649 465 685 et
495 643 864 698 multiplicandos,
894 651 943 686 et
970 644 1265 698 corrigendos,
1295 651 1342 686 et
1372 645 1488 686 circa
1517 656 1680 698 pueros
1708 642 1766 684 ad
1800 640 2014 689 scholam,

209 727 255 764 et
273 723 584 777 praedicatores
598 723 719 765 verbi
741 723 827 765 Dei
849 724 893 765 in
915 725 1058 778 patria
1078 723 1356 766 exhibendos
1374 740 1386 775 ;
1416 725 1520 778 quia
1536 724 1630 777 jam
1652 737 1756 765 cura
1776 721 2016 763 destruitur

207 816 288 856 per
318 803 546 858 indignam
576 805 917 858 promotionem,
947 811 992 846 et
1022 819 1102 858 per
1128 804 1414 858 pluralitates,
1445 811 1490 846 et
1521 818 1600 858 per
1628 809 1890 858 perpetuum
1921 815 2014 842 ma-

209 874 302 924 lum
326 883 371 924 in
391 885 748 939 appropriatione
768 885 1048 927 ecclesiarum
1070 885 1399 939 parochialium.
1453 885 1648 927 Ornatus
1664 891 1709 926 et
1724 889 1871 925 vestes
1891 882 2016 923 insti-

210 967 320 1005 tutae
350 971 476 1006 erant
509 966 567 1007 ad
599 967 863 1007 servandum
893 971 1098 1007 naturam
1131 978 1159 1007 a
1190 966 1355 1008 nocivis
1391 972 1436 1008 et
1472 966 1612 1014 malis,
1644 971 1690 1006 et
1724 970 1774 1005 ut
1802 977 1883 1018 per
1909 963 2017 1004 talia

209 1045 337 1098 signa
364 1051 655 1099 cognoscatur
673 1060 811 1087 unum
831 1047 1024 1088 officium
1043 1047 1101 1088 ab
1121 1046 1223 1098 alio,
1242 1049 1288 1088 et
1308 1046 1448 1088 eciam
1470 1051 1519 1087 ut
1545 1059 1625 1100 per
1651 1044 1727 1086 illa
1753 1048 2016 1086 ornamenta

207 1124 314 1175 visa,
348 1125 530 1167 reducat
564 1127 789 1168 memoriae
828 1140 962 1168 onera
1001 1141 1092 1168 suae
1127 1140 1253 1178 curae,
1283 1127 1425 1178 officii,
1454 1141 1532 1168 seu
1567 1126 1744 1181 gradus.
1815 1123 2015 1165 Nudatio

209 1210 361 1246 autem
387 1211 616 1260 pectorum
644 1206 849 1259 mulieris,
870 1221 969 1261 quae
992 1207 1086 1261 jam
1115 1207 1297 1249 inolevit
1323 1208 1368 1248 in
1393 1208 1628 1261 juventute
1657 1204 1839 1247 Henrici
1869 1203 2015 1252 Sexti,

210 1285 325 1339 regis
353 1284 545 1340 Angliae,
573 1287 688 1329 circa
714 1301 880 1329 annum
912 1288 1095 1329 Domini
1127 1299 1251 1342 1429,
1278 1302 1368 1330 non
1399 1294 1467 1330 est
1496 1295 1677 1343 propter
1706 1285 2015 1328 necessitatem

212 1372 394 1415 naturae,
414 1380 496 1408 nec
523 1367 666 1418 officii,
693 1382 774 1410 nec
801 1369 977 1422 gradus,
1004 1369 1082 1409 sed
1114 1382 1326 1422 magnum
1354 1368 1715 1411 allectamentum
1746 1373 1814 1408 est
1843 1365 2015 1421 peccati

209 1445 474 1496 videntibus,
509 1452 555 1488 et
593 1461 812 1489 venenum
853 1448 1027 1498 obtulit,
1058 1449 1260 1502 quamvis
1299 1463 1359 1490 ex
1390 1450 1532 1503 gratia
1563 1449 1649 1490 Dei
1685 1461 1815 1489 nemo
1850 1461 1908 1488 ex
1939 1444 2016 1486 illo

210 1525 396 1575 biberet,
425 1532 472 1568 et
502 1527 603 1569 ideo
632 1528 678 1569 in
709 1536 926 1582 quantum
959 1529 1004 1569 in
1033 1529 1129 1583 ipsa
1159 1534 1226 1570 est
1257 1529 1427 1570 animas
1455 1529 1705 1571 videncium
1735 1526 1956 1569 interficit.

327 1611 379 1656 [p.
406 1612 497 1656 135]
556 1605 746 1650 'occasio
785 1614 938 1658 magni
976 1614 1168 1658 peceati.
1241 1609 1359 1651 Novi
1399 1610 1518 1651 enim
1556 1610 1650 1663 jam
1691 1622 1828 1650 unum
1875 1606 2015 1648 archi-

211 1686 462 1740 dyaconum
491 1702 716 1742 magnum,
738 1690 813 1743 qui
841 1703 929 1730 non
958 1695 1026 1730 est
1053 1690 1270 1740 sacerdos,
1291 1703 1372 1732 nec
1392 1703 1589 1744 unquam
1615 1690 1709 1740 erit,
1729 1694 1778 1730 ut
1808 1688 2013 1735 creditur,

212 1766 317 1820 quia
346 1766 494 1808 fatuus
525 1775 593 1810 est
622 1777 682 1810 ex
711 1769 889 1824 origine,
920 1775 965 1811 et
994 1769 1130 1811 habet
1159 1769 1222 1823 xij
1254 1770 1528 1823 praebendas,
1560 1778 1606 1812 et
1636 1782 1862 1823 nunquam
1892 1774 2016 1809 tenet

211 1846 496 1890 residentiam
531 1849 576 1890 in
610 1849 758 1903 aliqua
798 1864 959 1899 earum,
998 1857 1043 1891 et
1083 1857 1257 1892 tantum
1293 1865 1361 1891 xx
1374 1849 1434 1892 lb.
1470 1864 1550 1904 pro
1590 1851 1807 1905 expensis,
1843 1855 1888 1890 et
1926 1848 2014 1889 illae

215 1927 528 1980 expenduntur
566 1930 811 1971 secundum
850 1930 1125 1972 voluntatem
1169 1930 1376 1972 secularis
1414 1932 1506 1981 viri,
1545 1932 1620 1985 qui
1664 1931 1746 1972 sibi
1787 1930 1931 1980 servit,
1971 1935 2016 1970 et

214 2007 362 2048 omnia
405 2007 492 2049 alia
529 2009 648 2051 bona
698 2018 874 2064 recepta
914 2018 1016 2052 sunt
1066 2011 1110 2051 in
1155 2011 1359 2052 manibus
1408 2011 1698 2062 secularium3
1749 2018 1794 2052 et
1837 2010 2016 2064 quando

214 2086 412 2138 synodus
446 2101 523 2129 seu
555 2089 935 2133 archidiaconatus
973 2098 1038 2132 est
1078 2091 1122 2131 in
1155 2089 1271 2141 villa,
1306 2091 1381 2132 ubi
1422 2091 1515 2145 ipse
1556 2098 1763 2141 moratur,
1795 2092 1887 2144 ipse
1927 2102 2014 2129 non

216 2166 350 2207 intrat
389 2166 433 2208 in
467 2167 702 2220 synodum,
737 2171 816 2212 sed
852 2171 965 2213 ludit
1006 2185 1106 2212 cum
1143 2184 1251 2212 cane
1284 2171 1355 2212 vel
1387 2185 1487 2213 cum
1520 2172 1641 2214 laicis
1673 2171 1874 2213 trufatis:
1920 2169 2016 2209 haec

217 2246 317 2286 novi
347 2259 442 2287 esse
469 2261 584 2297 vera,
616 2255 661 2290 et
691 2251 835 2292 scribo
864 2265 945 2305 pro
977 2262 1137 2305 magna
1167 2264 1311 2293 causa.

331 2331 382 2374 [p.
420 2331 510 2375 157]
580 2333 704 2379 Papa
745 2336 988 2372 Romanus.
1062 2330 1102 2372 O
1146 2331 1339 2372 Domine
1379 2332 1534 2374 Deus!
1587 2334 1768 2387 dignare
1809 2330 2016 2371 inclinare

216 2418 292 2446 cor
326 2411 371 2446 et
406 2413 600 2448 mentem
640 2408 807 2451 domini
841 2411 985 2465 Papae,
1020 2418 1070 2453 ut
1104 2412 1335 2465 provident
1365 2413 1480 2454 viros
1521 2413 1567 2454 in
1608 2413 1801 2459 ecclesia,
1837 2411 1881 2451 in
1924 2410 2015 2464 epi-

216 2497 387 2538 scopos,
427 2492 628 2536 rectores„
666 2494 711 2529 et
744 2489 928 2542 judices,
968 2498 1013 2533 et
1054 2491 1294 2542 officiarios,
1334 2498 1383 2534 ut
1425 2492 1589 2535 saciant
1628 2506 1774 2547 opera,
1814 2492 1872 2532 ad
1913 2504 2013 2543 quae

218 2564 365 2606 fienda
405 2564 530 2606 Deus
569 2566 689 2608 misit
730 2570 970 2624 episcopos,
1012 2577 1058 2613 et
1092 2571 1263 2625 judices
1305 2573 1560 2615 animarum.
1634 2571 1843 2627 Episcopi
1883 2571 2013 2619 enim,

218 2644 416 2695 abbates,
441 2651 487 2686 et
516 2651 718 2698 rectores,
737 2653 783 2690 et
811 2649 885 2691 alii
907 2650 1001 2704 jam
1030 2651 1250 2705 eliguntur
1275 2653 1458 2707 imperio
1484 2667 1637 2707 regum
1665 2658 1710 2694 et
1736 2652 2015 2693 dominorum

220 2725 556 2773 mundanorum,
589 2731 635 2766 et
668 2725 763 2779 jam
799 2729 1069 2773 conferentes
1104 2733 1246 2774 officia
1280 2733 1573 2776 ecclesiastica
1603 2732 1832 2775 conserunt
1862 2745 1915 2773 ea
1948 2732 2014 2773 in-

220 2804 470 2845 differenter
503 2804 661 2858 quibus
691 2806 845 2850 volunt
880 2823 967 2851 non
1001 2812 1162 2865 quibus
1191 2813 1367 2864 debent,
1402 2815 1598 2856 dicentes
1632 2812 1839 2853 divitibus
1874 2826 2016 2854 sacer·

220 2884 411 2933 dotibus,
443 2897 543 2926 cum
585 2885 704 2938 Juda
744 2889 982 2942 proditore,
1019 2891 1164 2945 ‘Quid
1194 2893 1327 2934 vultis
1368 2894 1498 2935 michi
1540 2894 1654 2941 dare,
1684 2898 1729 2933 et
1770 2905 1852 2945 ego
1891 2893 2017 2934 vobis

1101 2970 1133 3002 U
