<?xml version="1.0" encoding="UTF-8"?>
<!DOCTYPE html PUBLIC "-//W3C//DTD XHTML 1.0 Transitional//EN"
    "http://www.w3.org/TR/xhtml1/DTD/xhtml1-transitional.dtd">
<html xmlns="http://www.w3.org/1999/xhtml" xml:lang="en" lang="en">
 <head>
  <title>
</title>
<meta http-equiv="Content-Type" content="text/html;charset=utf-8" />
  <meta name='ocr-system' content='tesseract 3.04.00' />
  <meta name='ocr-capabilities' content='ocr_page ocr_carea ocr_par ocr_line ocrx_word'/>
</head>
<body>
  <div class='ocr_page' id='page_1' title='image "./locielibroverita00gascuoft_0191.png"; bbox 0 0 2456 3210; ppageno 0'>
   <div class='ocr_carea' id='block_1_1' title="bbox 594 246 1892 300">
    <p class='ocr_par' dir='ltr' id='par_1_1' title="bbox 594 246 1892 300">
     <span class='ocr_line' id='line_1_1' title="bbox 594 246 1892 300; baseline -0.004 -8"><span class='ocrx_word' id='word_1_1' title='bbox 594 255 726 292; x_wconf 87' lang='lat' dir='ltr'><em>LOCI</em></span> <span class='ocrx_word' id='word_1_2' title='bbox 758 255 799 291; x_wconf 92' lang='lat' dir='ltr'><em>E</em></span> <span class='ocrx_word' id='word_1_3' title='bbox 836 255 1002 292; x_wconf 89' lang='lat' dir='ltr'><em>LIBRO</em></span> <span class='ocrx_word' id='word_1_4' title='bbox 1048 253 1392 290; x_wconf 82' lang='lat' dir='ltr'><em>VERJTATUM.</em></span> <span class='ocrx_word' id='word_1_5' title='bbox 1839 246 1892 300; x_wconf 86' lang='lat'><strong>89</strong></span> 
     </span>
    </p>
   </div>
   <div class='ocr_carea' id='block_1_2' title="bbox 95 395 1905 2776">
    <p class='ocr_par' dir='ltr' id='par_1_2' title="bbox 95 395 1905 2776">
     <span class='ocr_line' id='line_1_2' title="bbox 95 395 1893 454; baseline -0.002 -15"><span class='ocrx_word' id='word_1_6' title='bbox 95 396 285 439; x_wconf 88' lang='lat' dir='ltr'><strong>siderate</strong></span> <span class='ocrx_word' id='word_1_7' title='bbox 316 397 436 452; x_wconf 91' lang='lat' dir='ltr'><strong>quod</strong></span> <span class='ocrx_word' id='word_1_8' title='bbox 467 397 585 440; x_wconf 92' lang='lat' dir='ltr'><strong>Xtus</strong></span> <span class='ocrx_word' id='word_1_9' title='bbox 616 397 724 441; x_wconf 87' lang='lat' dir='ltr'><strong>dicit</strong></span> <span class='ocrx_word' id='word_1_10' title='bbox 753 398 799 439; x_wconf 90' lang='lat' dir='ltr'><strong>in</strong></span> <span class='ocrx_word' id='word_1_11' title='bbox 830 397 1074 454; x_wconf 87' lang='lat' dir='ltr'><strong>Evangelio</strong></span> <span class='ocrx_word' id='word_1_12' title='bbox 1103 411 1198 440; x_wconf 88' lang='lat' dir='ltr'><strong>esse</strong></span> <span class='ocrx_word' id='word_1_13' title='bbox 1227 396 1565 452; x_wconf 90' lang='lat' dir='ltr'><strong>complendum:</strong></span> <span class='ocrx_word' id='word_1_14' title='bbox 1596 395 1718 437; x_wconf 88' lang='lat' dir='ltr'><strong>‘Nisi</strong></span> <span class='ocrx_word' id='word_1_15' title='bbox 1749 396 1893 450; x_wconf 89' lang='lat' dir='ltr'><strong>poeni-</strong></span> 
     </span>
     <span class='ocr_line' id='line_1_3' title="bbox 97 476 1895 533; baseline -0.001 -14"><span class='ocrx_word' id='word_1_16' title='bbox 97 478 287 520; x_wconf 79' lang='lat' dir='ltr'><strong>tenciam</strong></span> <span class='ocrx_word' id='word_1_17' title='bbox 308 478 495 533; x_wconf 76' lang='lat' dir='ltr'><strong>egeritis,</strong></span> <span class='ocrx_word' id='word_1_18' title='bbox 516 492 670 520; x_wconf 89' lang='lat' dir='ltr'><strong>omnes</strong></span> <span class='ocrx_word' id='word_1_19' title='bbox 689 479 819 520; x_wconf 90' lang='lat' dir='ltr'><strong>simul</strong></span> <span class='ocrx_word' id='word_1_20' title='bbox 843 479 1042 533; x_wconf 88' lang='lat' dir='ltr'><strong>peribitis</strong></span> <span class='ocrx_word' id='word_1_21' title='bbox 1056 478 1080 531; x_wconf 89' lang='lat'><strong>;&#39;</strong></span> <span class='ocrx_word' id='word_1_22' title='bbox 1105 484 1150 521; x_wconf 88' lang='lat' dir='ltr'><strong>et</strong></span> <span class='ocrx_word' id='word_1_23' title='bbox 1172 478 1363 521; x_wconf 87' lang='lat' dir='ltr'><strong>Sanctus</strong></span> <span class='ocrx_word' id='word_1_24' title='bbox 1380 478 1545 528; x_wconf 88' lang='lat' dir='ltr'><strong>Petrus,</strong></span> <span class='ocrx_word' id='word_1_25' title='bbox 1566 476 1651 518; x_wconf 89' lang='lat' dir='ltr'><strong>illis</strong></span> <span class='ocrx_word' id='word_1_26' title='bbox 1671 477 1746 530; x_wconf 91' lang='lat' dir='ltr'><strong>qui</strong></span> <span class='ocrx_word' id='word_1_27' title='bbox 1770 476 1895 530; x_wconf 88' lang='lat' dir='ltr'><strong>igno-</strong></span> 
     </span>
     <span class='ocr_line' id='line_1_4' title="bbox 97 556 1895 613; baseline -0.001 -14"><span class='ocrx_word' id='word_1_28' title='bbox 97 558 255 600; x_wconf 84' lang='lat' dir='ltr'><strong>rabant</strong></span> <span class='ocrx_word' id='word_1_29' title='bbox 280 564 463 613; x_wconf 86' lang='lat' dir='ltr'><strong>peccata</strong></span> <span class='ocrx_word' id='word_1_30' title='bbox 491 571 587 600; x_wconf 58' lang='lat' dir='ltr'><strong>esse</strong></span> <span class='ocrx_word' id='word_1_31' title='bbox 613 568 748 613; x_wconf 86' lang='lat' dir='ltr'><strong>opera</strong></span> <span class='ocrx_word' id='word_1_32' title='bbox 771 573 871 613; x_wconf 85' lang='lat' dir='ltr'><strong>quae</strong></span> <span class='ocrx_word' id='word_1_33' title='bbox 902 559 1107 609; x_wconf 88' lang='lat' dir='ltr'><strong>fecerunt,</strong></span> <span class='ocrx_word' id='word_1_34' title='bbox 1133 559 1262 610; x_wconf 83' lang='lat' dir='ltr'><strong>dixit,</strong></span> <span class='ocrx_word' id='word_1_35' title='bbox 1286 557 1487 600; x_wconf 84' lang='lat' dir='ltr'><strong>Actuum</strong></span> <span class='ocrx_word' id='word_1_36' title='bbox 1508 561 1565 611; x_wconf 86' lang='lat'><strong>3⁰,</strong></span> <span class='ocrx_word' id='word_1_37' title='bbox 1587 559 1598 578; x_wconf 89' lang='lat'>‘</span> <span class='ocrx_word' id='word_1_38' title='bbox 1615 556 1895 598; x_wconf 87' lang='lat' dir='ltr'><strong>Poenitemini</strong></span> 
     </span>
     <span class='ocr_line' id='line_1_5' title="bbox 98 637 1896 694; baseline -0.001 -15"><span class='ocrx_word' id='word_1_39' title='bbox 98 643 145 679; x_wconf 90' lang='lat' dir='ltr'><strong>et</strong></span> <span class='ocrx_word' id='word_1_40' title='bbox 172 638 483 690; x_wconf 86' lang='lat' dir='ltr'><strong>convertimini,</strong></span> <span class='ocrx_word' id='word_1_41' title='bbox 512 645 562 681; x_wconf 89' lang='lat' dir='ltr'><strong>ut</strong></span> <span class='ocrx_word' id='word_1_42' title='bbox 595 638 826 681; x_wconf 88' lang='lat' dir='ltr'><strong>deleantur</strong></span> <span class='ocrx_word' id='word_1_43' title='bbox 858 645 1006 682; x_wconf 84' lang='lat' dir='ltr'><strong>vestra</strong></span> <span class='ocrx_word' id='word_1_44' title='bbox 1038 646 1222 694; x_wconf 86' lang='lat' dir='ltr'><strong>peccata</strong></span> <span class='ocrx_word' id='word_1_45' title='bbox 1237 638 1261 691; x_wconf 75' lang='grc' dir='ltr'><strong>ς’</strong></span> <span class='ocrx_word' id='word_1_46' title='bbox 1296 639 1535 680; x_wconf 88' lang='lat' dir='ltr'><strong>ostendens</strong></span> <span class='ocrx_word' id='word_1_47' title='bbox 1564 638 1610 679; x_wconf 91' lang='lat' dir='ltr'><strong>in</strong></span> <span class='ocrx_word' id='word_1_48' title='bbox 1639 637 1725 679; x_wconf 91' lang='lat' dir='ltr'><strong>hiis</strong></span> <span class='ocrx_word' id='word_1_49' title='bbox 1752 637 1896 679; x_wconf 89' lang='lat' dir='ltr'><strong>verbis</strong></span> 
     </span>
     <span class='ocr_line' id='line_1_6' title="bbox 99 718 1897 774; baseline 0 -15"><span class='ocrx_word' id='word_1_50' title='bbox 99 719 369 760; x_wconf 81' lang='lat' dir='ltr'><strong>aversionem</strong></span> <span class='ocrx_word' id='word_1_51' title='bbox 392 733 421 760; x_wconf 88' lang='lat' dir='ltr'><strong>a</strong></span> <span class='ocrx_word' id='word_1_52' title='bbox 446 725 639 774; x_wconf 89' lang='lat' dir='ltr'><strong>peccato,</strong></span> <span class='ocrx_word' id='word_1_53' title='bbox 661 725 707 761; x_wconf 93' lang='lat' dir='ltr'><strong>et</strong></span> <span class='ocrx_word' id='word_1_54' title='bbox 733 720 1062 762; x_wconf 86' lang='lat' dir='ltr'><strong>conversionem</strong></span> <span class='ocrx_word' id='word_1_55' title='bbox 1088 721 1146 762; x_wconf 91' lang='lat' dir='ltr'><strong>ad</strong></span> <span class='ocrx_word' id='word_1_56' title='bbox 1165 721 1284 762; x_wconf 90' lang='lat' dir='ltr'><strong>bona</strong></span> <span class='ocrx_word' id='word_1_57' title='bbox 1312 733 1446 774; x_wconf 84' lang='lat' dir='ltr'><strong>opera</strong></span> <span class='ocrx_word' id='word_1_58' title='bbox 1473 718 1625 760; x_wconf 85' lang='lat' dir='ltr'><strong>debita</strong></span> <span class='ocrx_word' id='word_1_59' title='bbox 1651 718 1897 760; x_wconf 86' lang='lat' dir='ltr'><strong>necessaria</strong></span> 
     </span>
     <span class='ocr_line' id='line_1_7' title="bbox 100 795 1898 855; baseline -0.001 -15"><span class='ocrx_word' id='word_1_60' title='bbox 100 795 197 840; x_wconf 56' lang='lat' dir='ltr'><strong>esse</strong></span> <span class='ocrx_word' id='word_1_61' title='bbox 225 799 283 840; x_wconf 92' lang='lat' dir='ltr'><strong>ad</strong></span> <span class='ocrx_word' id='word_1_62' title='bbox 311 800 485 841; x_wconf 87' lang='lat' dir='ltr'><strong>veniam</strong></span> <span class='ocrx_word' id='word_1_63' title='bbox 512 813 660 842; x_wconf 89' lang='lat' dir='ltr'><strong>veram</strong></span> <span class='ocrx_word' id='word_1_64' title='bbox 691 801 1047 855; x_wconf 89' lang='lat' dir='ltr'><strong>consequendam</strong></span> <span class='ocrx_word' id='word_1_65' title='bbox 1074 815 1103 843; x_wconf 91' lang='lat' dir='ltr'><strong>a</strong></span> <span class='ocrx_word' id='word_1_66' title='bbox 1130 801 1242 842; x_wconf 91' lang='lat' dir='ltr'><strong>Deo.</strong></span> <span class='ocrx_word' id='word_1_67' title='bbox 1287 804 1298 822; x_wconf 95' lang='lat'>‘</span> <span class='ocrx_word' id='word_1_68' title='bbox 1315 800 1633 842; x_wconf 87' lang='lat' dir='ltr'><strong>Poenitenciam</strong></span> <span class='ocrx_word' id='word_1_69' title='bbox 1657 797 1775 840; x_wconf 88' lang='lat' dir='ltr'><strong>enim</strong></span> <span class='ocrx_word' id='word_1_70' title='bbox 1806 812 1898 840; x_wconf 84' lang='lat' dir='ltr'><strong>cer-</strong></span> 
     </span>
     <span class='ocr_line' id='line_1_8' title="bbox 100 876 1898 935; baseline 0.001 -16"><span class='ocrx_word' id='word_1_71' title='bbox 100 876 222 928; x_wconf 90' lang='lat' dir='ltr'><strong>tam,’</strong></span> <span class='ocrx_word' id='word_1_72' title='bbox 248 885 299 921; x_wconf 89' lang='lat' dir='ltr'><strong>ut</strong></span> <span class='ocrx_word' id='word_1_73' title='bbox 323 884 512 922; x_wconf 87' lang='lat' dir='ltr'><strong>testatur</strong></span> <span class='ocrx_word' id='word_1_74' title='bbox 538 878 728 922; x_wconf 85' lang='lat' dir='ltr'><strong>Sanctus</strong></span> <span class='ocrx_word' id='word_1_75' title='bbox 756 879 1047 935; x_wconf 82' lang='lat' dir='ltr'><strong>Augustinus,</strong></span> <span class='ocrx_word' id='word_1_76' title='bbox 1073 883 1186 922; x_wconf 87' lang='lat' dir='ltr'><strong>‘non</strong></span> <span class='ocrx_word' id='word_1_77' title='bbox 1217 880 1322 923; x_wconf 84' lang='lat' dir='ltr'><strong>facit</strong></span> <span class='ocrx_word' id='word_1_78' title='bbox 1350 880 1432 922; x_wconf 89' lang='lat' dir='ltr'><strong>nisi</strong></span> <span class='ocrx_word' id='word_1_79' title='bbox 1467 879 1619 921; x_wconf 92' lang='lat' dir='ltr'><strong>odium</strong></span> <span class='ocrx_word' id='word_1_80' title='bbox 1651 879 1822 934; x_wconf 90' lang='lat' dir='ltr'><strong>peccati</strong></span> <span class='ocrx_word' id='word_1_81' title='bbox 1852 884 1898 920; x_wconf 92' lang='lat' dir='ltr'><strong>et</strong></span> 
     </span>
     <span class='ocr_line' id='line_1_9' title="bbox 100 958 1897 1016; baseline 0.001 -17"><span class='ocrx_word' id='word_1_82' title='bbox 100 971 226 1000; x_wconf 91' lang='lat' dir='ltr'><strong>amor</strong></span> <span class='ocrx_word' id='word_1_83' title='bbox 259 958 358 1009; x_wconf 89' lang='lat' dir='ltr'><strong>Dei,</strong></span> <span class='ocrx_word' id='word_1_84' title='bbox 393 965 443 1001; x_wconf 89' lang='lat' dir='ltr'><strong>ut</strong></span> <span class='ocrx_word' id='word_1_85' title='bbox 478 960 559 1002; x_wconf 90' lang='lat' dir='ltr'><strong>tibi</strong></span> <span class='ocrx_word' id='word_1_86' title='bbox 597 974 794 1003; x_wconf 90' lang='lat' dir='ltr'><strong>amarum</strong></span> <span class='ocrx_word' id='word_1_87' title='bbox 831 961 975 1016; x_wconf 89' lang='lat' dir='ltr'><strong>sapiat</strong></span> <span class='ocrx_word' id='word_1_88' title='bbox 1009 961 1054 1003; x_wconf 90' lang='lat' dir='ltr'><strong>in</strong></span> <span class='ocrx_word' id='word_1_89' title='bbox 1093 961 1241 1003; x_wconf 89' lang='lat' dir='ltr'><strong>anima</strong></span> <span class='ocrx_word' id='word_1_90' title='bbox 1275 961 1395 1016; x_wconf 89' lang='lat' dir='ltr'><strong>quod</strong></span> <span class='ocrx_word' id='word_1_91' title='bbox 1430 961 1559 1002; x_wconf 91' lang='lat' dir='ltr'><strong>dulce</strong></span> <span class='ocrx_word' id='word_1_92' title='bbox 1594 960 1677 1001; x_wconf 85' lang='lat' dir='ltr'><strong>suit</strong></span> <span class='ocrx_word' id='word_1_93' title='bbox 1714 960 1758 1001; x_wconf 90' lang='lat' dir='ltr'><strong>in</strong></span> <span class='ocrx_word' id='word_1_94' title='bbox 1793 960 1897 1008; x_wconf 87' lang='lat' dir='ltr'><strong>vita,</strong></span> 
     </span>
     <span class='ocr_line' id='line_1_10' title="bbox 101 1039 1897 1096; baseline 0 -16"><span class='ocrx_word' id='word_1_95' title='bbox 101 1044 147 1080; x_wconf 84' lang='lat' dir='ltr'><strong>et</strong></span> <span class='ocrx_word' id='word_1_96' title='bbox 186 1039 308 1093; x_wconf 89' lang='lat' dir='ltr'><strong>quod</strong></span> <span class='ocrx_word' id='word_1_97' title='bbox 345 1045 394 1081; x_wconf 89' lang='lat' dir='ltr'><strong>te</strong></span> <span class='ocrx_word' id='word_1_98' title='bbox 430 1040 549 1095; x_wconf 74' lang='lat' dir='ltr'><strong>prius</strong></span> <span class='ocrx_word' id='word_1_99' title='bbox 587 1040 839 1083; x_wconf 86' lang='lat' dir='ltr'><strong>delectabat</strong></span> <span class='ocrx_word' id='word_1_100' title='bbox 878 1041 923 1082; x_wconf 91' lang='lat' dir='ltr'><strong>in</strong></span> <span class='ocrx_word' id='word_1_101' title='bbox 963 1055 1155 1096; x_wconf 86' lang='lat' dir='ltr'><strong>corpore,</strong></span> <span class='ocrx_word' id='word_1_102' title='bbox 1195 1042 1342 1096; x_wconf 90' lang='lat' dir='ltr'><strong>ipsum</strong></span> <span class='ocrx_word' id='word_1_103' title='bbox 1380 1047 1427 1083; x_wconf 91' lang='lat' dir='ltr'><strong>te</strong></span> <span class='ocrx_word' id='word_1_104' title='bbox 1466 1041 1628 1083; x_wconf 87' lang='lat' dir='ltr'><strong>cruciet</strong></span> <span class='ocrx_word' id='word_1_105' title='bbox 1666 1041 1711 1081; x_wconf 90' lang='lat' dir='ltr'><strong>in</strong></span> <span class='ocrx_word' id='word_1_106' title='bbox 1750 1040 1897 1082; x_wconf 86' lang='lat' dir='ltr'><strong>corde.</strong></span> 
     </span>
     <span class='ocr_line' id='line_1_11' title="bbox 101 1119 1900 1179; baseline 0.001 -18"><span class='ocrx_word' id='word_1_107' title='bbox 101 1119 204 1173; x_wconf 90' lang='lat' dir='ltr'><strong>Jam</strong></span> <span class='ocrx_word' id='word_1_108' title='bbox 240 1125 345 1163; x_wconf 90' lang='lat' dir='ltr'><strong>tunc</strong></span> <span class='ocrx_word' id='word_1_109' title='bbox 377 1121 490 1163; x_wconf 90' lang='lat' dir='ltr'><strong>bene</strong></span> <span class='ocrx_word' id='word_1_110' title='bbox 522 1121 768 1176; x_wconf 90' lang='lat' dir='ltr'><strong>ingemistis</strong></span> <span class='ocrx_word' id='word_1_111' title='bbox 798 1120 895 1179; x_wconf 83' lang='lat' dir='ltr'><strong>(sic)</strong></span> <span class='ocrx_word' id='word_1_112' title='bbox 925 1123 982 1164; x_wconf 88' lang='lat' dir='ltr'><strong>ad</strong></span> <span class='ocrx_word' id='word_1_113' title='bbox 1018 1123 1166 1164; x_wconf 91' lang='lat' dir='ltr'><strong>Deum</strong></span> <span class='ocrx_word' id='word_1_114' title='bbox 1201 1129 1247 1166; x_wconf 91' lang='lat' dir='ltr'><strong>et</strong></span> <span class='ocrx_word' id='word_1_115' title='bbox 1281 1122 1419 1164; x_wconf 84' lang='lat' dir='ltr'><strong>dicis:</strong></span> <span class='ocrx_word' id='word_1_116' title='bbox 1459 1122 1561 1163; x_wconf 89' lang='lat' dir='ltr'><strong>Tibi</strong></span> <span class='ocrx_word' id='word_1_117' title='bbox 1592 1121 1674 1163; x_wconf 91' lang='lat' dir='ltr'><strong>soli</strong></span> <span class='ocrx_word' id='word_1_118' title='bbox 1708 1120 1900 1175; x_wconf 88' lang='lat' dir='ltr'><strong>peccavi,</strong></span> 
     </span>
     <span class='ocr_line' id='line_1_12' title="bbox 103 1200 1898 1258; baseline -0.002 -14"><span class='ocrx_word' id='word_1_119' title='bbox 103 1201 162 1244; x_wconf 88' lang='lat' dir='ltr'><strong>da</strong></span> <span class='ocrx_word' id='word_1_120' title='bbox 191 1200 530 1244; x_wconf 83' lang='lat' dir='ltr'><strong>misericordiam</strong></span> <span class='ocrx_word' id='word_1_121' title='bbox 556 1203 727 1252; x_wconf 89' lang='lat' dir='ltr'><strong>misero,</strong></span> <span class='ocrx_word' id='word_1_122' title='bbox 754 1203 827 1256; x_wconf 93' lang='lat' dir='ltr'><strong>qui</strong></span> <span class='ocrx_word' id='word_1_123' title='bbox 856 1203 1026 1245; x_wconf 89' lang='lat' dir='ltr'><strong>tamdiu</strong></span> <span class='ocrx_word' id='word_1_124' title='bbox 1052 1203 1284 1258; x_wconf 87' lang='lat' dir='ltr'><strong>pepercisti</strong></span> <span class='ocrx_word' id='word_1_125' title='bbox 1314 1202 1560 1245; x_wconf 89' lang='lat' dir='ltr'><strong>criminoso.</strong></span> <span class='ocrx_word' id='word_1_126' title='bbox 1623 1200 1810 1242; x_wconf 90' lang='lat' dir='ltr'><strong>Inclinet</strong></span> <span class='ocrx_word' id='word_1_127' title='bbox 1839 1200 1898 1241; x_wconf 89' lang='lat' dir='ltr'><strong>ad</strong></span> 
     </span>
     <span class='ocr_line' id='line_1_13' title="bbox 104 1280 1900 1338; baseline -0.001 -16"><span class='ocrx_word' id='word_1_128' title='bbox 104 1280 345 1323; x_wconf 90' lang='lat' dir='ltr'><strong>remedium</strong></span> <span class='ocrx_word' id='word_1_129' title='bbox 391 1281 618 1324; x_wconf 88' lang='lat' dir='ltr'><strong>humilitas</strong></span> <span class='ocrx_word' id='word_1_130' title='bbox 662 1283 930 1337; x_wconf 86' lang='lat' dir='ltr'><strong>poenitentis,</strong></span> <span class='ocrx_word' id='word_1_131' title='bbox 982 1296 1113 1337; x_wconf 92' lang='lat' dir='ltr'><strong>quem</strong></span> <span class='ocrx_word' id='word_1_132' title='bbox 1161 1296 1419 1338; x_wconf 88' lang='lat' dir='ltr'><strong>permonere</strong></span> <span class='ocrx_word' id='word_1_133' title='bbox 1469 1296 1557 1324; x_wconf 90' lang='lat' dir='ltr'><strong>non</strong></span> <span class='ocrx_word' id='word_1_134' title='bbox 1606 1281 1752 1336; x_wconf 90' lang='lat' dir='ltr'><strong>potuit</strong></span> <span class='ocrx_word' id='word_1_135' title='bbox 1803 1281 1900 1322; x_wconf 90' lang='lat' dir='ltr'><strong>diu-</strong></span> 
     </span>
     <span class='ocr_line' id='line_1_14' title="bbox 102 1361 1900 1417; baseline -0.001 -14"><span class='ocrx_word' id='word_1_136' title='bbox 102 1362 290 1404; x_wconf 80' lang='lat' dir='ltr'><strong>turnitas</strong></span> <span class='ocrx_word' id='word_1_137' title='bbox 326 1362 496 1416; x_wconf 87' lang='lat' dir='ltr'><strong>peccati</strong></span> <span class='ocrx_word' id='word_1_138' title='bbox 535 1363 789 1417; x_wconf 85' lang='lat' dir='ltr'><strong>peccatoris.</strong></span> <span class='ocrx_word' id='word_1_139' title='bbox 863 1364 948 1405; x_wconf 91' lang='lat' dir='ltr'><strong>Dic</strong></span> <span class='ocrx_word' id='word_1_140' title='bbox 983 1363 1045 1404; x_wconf 89' lang='lat' dir='ltr'><strong>illi</strong></span> <span class='ocrx_word' id='word_1_141' title='bbox 1084 1364 1129 1405; x_wconf 93' lang='lat' dir='ltr'><strong>in</strong></span> <span class='ocrx_word' id='word_1_142' title='bbox 1163 1363 1270 1406; x_wconf 92' lang='lat' dir='ltr'><strong>fletu</strong></span> <span class='ocrx_word' id='word_1_143' title='bbox 1311 1363 1483 1405; x_wconf 90' lang='lat' dir='ltr'><strong>cordis:</strong></span> <span class='ocrx_word' id='word_1_144' title='bbox 1525 1361 1694 1416; x_wconf 88' lang='lat' dir='ltr'><strong>Aspice</strong></span> <span class='ocrx_word' id='word_1_145' title='bbox 1731 1362 1790 1403; x_wconf 86' lang='lat' dir='ltr'><strong>ad</strong></span> <span class='ocrx_word' id='word_1_146' title='bbox 1826 1374 1900 1403; x_wconf 90' lang='lat' dir='ltr'><strong>me</strong></span> 
     </span>
     <span class='ocr_line' id='line_1_15' title="bbox 103 1441 1900 1498; baseline 0 -15"><span class='ocrx_word' id='word_1_147' title='bbox 103 1441 320 1484; x_wconf 82' lang='lat' dir='ltr'><strong>infelicem</strong></span> <span class='ocrx_word' id='word_1_148' title='bbox 347 1442 512 1497; x_wconf 89' lang='lat' dir='ltr'><strong>pietate</strong></span> <span class='ocrx_word' id='word_1_149' title='bbox 540 1443 765 1494; x_wconf 88' lang='lat' dir='ltr'><strong>immensa,</strong></span> <span class='ocrx_word' id='word_1_150' title='bbox 797 1445 963 1498; x_wconf 87' lang='lat' dir='ltr'><strong>respice</strong></span> <span class='ocrx_word' id='word_1_151' title='bbox 997 1443 1219 1486; x_wconf 89' lang='lat' dir='ltr'><strong>crudelem</strong></span> <span class='ocrx_word' id='word_1_152' title='bbox 1255 1443 1549 1485; x_wconf 87' lang='lat' dir='ltr'><strong>misericordia</strong></span> <span class='ocrx_word' id='word_1_153' title='bbox 1581 1441 1768 1496; x_wconf 76' lang='lat' dir='ltr'><strong>publioe,</strong></span> <span class='ocrx_word' id='word_1_154' title='bbox 1799 1442 1900 1483; x_wconf 61' lang='lat' dir='ltr'><strong>des-</strong></span> 
     </span>
     <span class='ocr_line' id='line_1_16' title="bbox 102 1522 1898 1577; baseline -0.001 -12"><span class='ocrx_word' id='word_1_155' title='bbox 102 1527 290 1576; x_wconf 67' lang='lat' dir='ltr'><strong>penitus,</strong></span> <span class='ocrx_word' id='word_1_156' title='bbox 330 1535 390 1565; x_wconf 87' lang='lat' dir='ltr'><strong>sc.</strong></span> <span class='ocrx_word' id='word_1_157' title='bbox 422 1523 480 1564; x_wconf 92' lang='lat' dir='ltr'><strong>de</strong></span> <span class='ocrx_word' id='word_1_158' title='bbox 517 1523 680 1565; x_wconf 88' lang='lat' dir='ltr'><strong>viribus</strong></span> <span class='ocrx_word' id='word_1_159' title='bbox 720 1524 839 1573; x_wconf 89' lang='lat' dir='ltr'><strong>meis,</strong></span> <span class='ocrx_word' id='word_1_160' title='bbox 876 1524 935 1565; x_wconf 87' lang='lat' dir='ltr'><strong>ad</strong></span> <span class='ocrx_word' id='word_1_161' title='bbox 975 1524 1328 1577; x_wconf 89' lang='lat' dir='ltr'><strong>omnipotentem</strong></span> <span class='ocrx_word' id='word_1_162' title='bbox 1367 1522 1509 1573; x_wconf 90' lang='lat' dir='ltr'><strong>venio,</strong></span> <span class='ocrx_word' id='word_1_163' title='bbox 1549 1522 1801 1565; x_wconf 86' lang='lat' dir='ltr'><strong>vulneratus</strong></span> <span class='ocrx_word' id='word_1_164' title='bbox 1840 1522 1898 1563; x_wconf 89' lang='lat' dir='ltr'><strong>ad</strong></span> 
     </span>
     <span class='ocr_line' id='line_1_17' title="bbox 103 1603 1900 1658; baseline 0.001 -15"><span class='ocrx_word' id='word_1_165' title='bbox 103 1603 322 1644; x_wconf 81' lang='lat' dir='ltr'><strong>medicum</strong></span> <span class='ocrx_word' id='word_1_166' title='bbox 353 1616 488 1653; x_wconf 88' lang='lat' dir='ltr'><strong>curro,</strong></span> <span class='ocrx_word' id='word_1_167' title='bbox 519 1617 644 1645; x_wconf 88' lang='lat' dir='ltr'><strong>serva</strong></span> <span class='ocrx_word' id='word_1_168' title='bbox 678 1604 889 1658; x_wconf 88' lang='lat' dir='ltr'><strong>pietatem</strong></span> <span class='ocrx_word' id='word_1_169' title='bbox 924 1605 1283 1654; x_wconf 54' lang='lat' dir='ltr'><strong>mansuetudinis</strong></span> <span class='ocrx_word' id='word_1_170' title='bbox 1320 1605 1393 1658; x_wconf 92' lang='lat' dir='ltr'><strong>qui</strong></span> <span class='ocrx_word' id='word_1_171' title='bbox 1428 1603 1597 1646; x_wconf 88' lang='lat' dir='ltr'><strong>tamdiu</strong></span> <span class='ocrx_word' id='word_1_172' title='bbox 1633 1603 1900 1658; x_wconf 89' lang='lat' dir='ltr'><strong>suspendisti</strong></span> 
     </span>
     <span class='ocr_line' id='line_1_18' title="bbox 103 1682 1901 1736; baseline 0.002 -13"><span class='ocrx_word' id='word_1_173' title='bbox 103 1682 298 1736; x_wconf 82' lang='lat' dir='ltr'><strong>gladium</strong></span> <span class='ocrx_word' id='word_1_174' title='bbox 336 1683 546 1735; x_wconf 84' lang='lat' dir='ltr'><strong>ulcionis3</strong></span> <span class='ocrx_word' id='word_1_175' title='bbox 596 1684 695 1726; x_wconf 88' lang='lat' dir='ltr'><strong>dele</strong></span> <span class='ocrx_word' id='word_1_176' title='bbox 735 1685 1095 1727; x_wconf 88' lang='lat' dir='ltr'><strong>numerositatem</strong></span> <span class='ocrx_word' id='word_1_177' title='bbox 1135 1685 1364 1728; x_wconf 90' lang='lat' dir='ltr'><strong>criminum</strong></span> <span class='ocrx_word' id='word_1_178' title='bbox 1410 1684 1693 1727; x_wconf 89' lang='lat' dir='ltr'><strong>multitudine</strong></span> <span class='ocrx_word' id='word_1_179' title='bbox 1733 1684 1901 1726; x_wconf 88' lang='lat' dir='ltr'><strong>miseri-</strong></span> 
     </span>
     <span class='ocr_line' id='line_1_19' title="bbox 104 1762 1899 1820; baseline 0.001 -16"><span class='ocrx_word' id='word_1_180' title='bbox 104 1762 376 1813; x_wconf 61' lang='lat' dir='ltr'><strong>cordiarum!</strong></span> <span class='ocrx_word' id='word_1_181' title='bbox 440 1764 554 1806; x_wconf 87' lang='lat' dir='ltr'><strong>Haec</strong></span> <span class='ocrx_word' id='word_1_182' title='bbox 575 1763 766 1807; x_wconf 90' lang='lat' dir='ltr'><strong>Sanctus</strong></span> <span class='ocrx_word' id='word_1_183' title='bbox 785 1765 1065 1820; x_wconf 84' lang='lat' dir='ltr'><strong>Augustinus</strong></span> <span class='ocrx_word' id='word_1_184' title='bbox 1097 1765 1311 1808; x_wconf 87' lang='lat' dir='ltr'><strong>Sermone</strong></span> <span class='ocrx_word' id='word_1_185' title='bbox 1343 1767 1593 1817; x_wconf 89' lang='lat' dir='ltr'><strong>centesimo,</strong></span> <span class='ocrx_word' id='word_1_186' title='bbox 1621 1770 1667 1809; x_wconf 87' lang='lat'><strong>2⁰</strong></span> <span class='ocrx_word' id='word_1_187' title='bbox 1687 1779 1899 1814; x_wconf 85' lang='lat' dir='ltr'><strong>sermone,</strong></span> 
     </span>
     <span class='ocr_line' id='line_1_20' title="bbox 104 1843 1901 1897; baseline 0.001 -13"><span class='ocrx_word' id='word_1_188' title='bbox 104 1854 165 1884; x_wconf 87' lang='lat' dir='ltr'><strong>sc.</strong></span> <span class='ocrx_word' id='word_1_189' title='bbox 191 1843 383 1885; x_wconf 87' lang='lat' dir='ltr'><strong>secundo</strong></span> <span class='ocrx_word' id='word_1_190' title='bbox 410 1843 483 1886; x_wconf 93' lang='lat' dir='ltr'><strong>De</strong></span> <span class='ocrx_word' id='word_1_191' title='bbox 509 1844 756 1887; x_wconf 86' lang='lat' dir='ltr'><strong>Nativitate</strong></span> <span class='ocrx_word' id='word_1_192' title='bbox 784 1846 993 1897; x_wconf 88' lang='lat' dir='ltr'><strong>Domini;</strong></span> <span class='ocrx_word' id='word_1_193' title='bbox 1030 1853 1075 1888; x_wconf 92' lang='lat' dir='ltr'><strong>et</strong></span> <span class='ocrx_word' id='word_1_194' title='bbox 1102 1846 1252 1888; x_wconf 88' lang='lat' dir='ltr'><strong>subdit</strong></span> <span class='ocrx_word' id='word_1_195' title='bbox 1278 1847 1322 1887; x_wconf 90' lang='lat' dir='ltr'><strong>in</strong></span> <span class='ocrx_word' id='word_1_196' title='bbox 1352 1846 1510 1888; x_wconf 89' lang='lat' dir='ltr'><strong>eodem</strong></span> <span class='ocrx_word' id='word_1_197' title='bbox 1538 1860 1764 1888; x_wconf 89' lang='lat' dir='ltr'><strong>sermone:</strong></span> <span class='ocrx_word' id='word_1_198' title='bbox 1793 1845 1901 1886; x_wconf 91' lang='lat' dir='ltr'><strong>‘Illa</strong></span> 
     </span>
     <span class='ocr_line' id='line_1_21' title="bbox 106 1924 1900 1980; baseline 0.002 -17"><span class='ocrx_word' id='word_1_199' title='bbox 106 1926 174 1963; x_wconf 59' lang='lat' dir='ltr'><strong>eet</strong></span> <span class='ocrx_word' id='word_1_200' title='bbox 190 1935 294 1964; x_wconf 86' lang='lat' dir='ltr'><strong>vera</strong></span> <span class='ocrx_word' id='word_1_201' title='bbox 312 1924 578 1977; x_wconf 87' lang='lat' dir='ltr'><strong>poenitencia</strong></span> <span class='ocrx_word' id='word_1_202' title='bbox 593 1926 771 1979; x_wconf 91' lang='lat' dir='ltr'><strong>quando</strong></span> <span class='ocrx_word' id='word_1_203' title='bbox 792 1926 853 1967; x_wconf 89' lang='lat' dir='ltr'><strong>sic</strong></span> <span class='ocrx_word' id='word_1_204' title='bbox 875 1925 1141 1967; x_wconf 87' lang='lat' dir='ltr'><strong>convertitur</strong></span> <span class='ocrx_word' id='word_1_205' title='bbox 1160 1926 1256 1980; x_wconf 91' lang='lat' dir='ltr'><strong>quis</strong></span> <span class='ocrx_word' id='word_1_206' title='bbox 1277 1932 1327 1967; x_wconf 93' lang='lat' dir='ltr'><strong>ut</strong></span> <span class='ocrx_word' id='word_1_207' title='bbox 1347 1940 1436 1968; x_wconf 90' lang='lat' dir='ltr'><strong>non</strong></span> <span class='ocrx_word' id='word_1_208' title='bbox 1457 1932 1707 1978; x_wconf 84' lang='lat' dir='ltr'><strong>revertatur,</strong></span> <span class='ocrx_word' id='word_1_209' title='bbox 1723 1926 1900 1980; x_wconf 87' lang='lat' dir='ltr'><strong>quando</strong></span> 
     </span>
     <span class='ocr_line' id='line_1_22' title="bbox 106 2001 1899 2061; baseline 0.002 -19"><span class='ocrx_word' id='word_1_210' title='bbox 106 2001 169 2043; x_wconf 86' lang='lat' dir='ltr'><strong>sic</strong></span> <span class='ocrx_word' id='word_1_211' title='bbox 199 2002 385 2055; x_wconf 88' lang='lat' dir='ltr'><strong>poenitet</strong></span> <span class='ocrx_word' id='word_1_212' title='bbox 414 2009 465 2046; x_wconf 92' lang='lat' dir='ltr'><strong>ut</strong></span> <span class='ocrx_word' id='word_1_213' title='bbox 493 2017 581 2046; x_wconf 89' lang='lat' dir='ltr'><strong>non</strong></span> <span class='ocrx_word' id='word_1_214' title='bbox 612 2011 807 2060; x_wconf 81' lang='lat' dir='ltr'><strong>repetat3</strong></span> <span class='ocrx_word' id='word_1_215' title='bbox 846 2005 972 2047; x_wconf 92' lang='lat' dir='ltr'><strong>multi</strong></span> <span class='ocrx_word' id='word_1_216' title='bbox 1006 2006 1124 2047; x_wconf 88' lang='lat' dir='ltr'><strong>enim</strong></span> <span class='ocrx_word' id='word_1_217' title='bbox 1158 2006 1335 2048; x_wconf 87' lang='lat' dir='ltr'><strong>assidue</strong></span> <span class='ocrx_word' id='word_1_218' title='bbox 1365 2019 1413 2048; x_wconf 90' lang='lat' dir='ltr'><strong>se</strong></span> <span class='ocrx_word' id='word_1_219' title='bbox 1449 2007 1601 2048; x_wconf 87' lang='lat' dir='ltr'><strong>dicunt</strong></span> <span class='ocrx_word' id='word_1_220' title='bbox 1635 2012 1899 2061; x_wconf 87' lang='lat' dir='ltr'><strong>peccatores,</strong></span> 
     </span>
     <span class='ocr_line' id='line_1_23' title="bbox 107 2082 1902 2140; baseline 0.003 -18"><span class='ocrx_word' id='word_1_221' title='bbox 107 2086 153 2123; x_wconf 89' lang='lat' dir='ltr'><strong>et</strong></span> <span class='ocrx_word' id='word_1_222' title='bbox 184 2086 281 2123; x_wconf 77' lang='lat' dir='ltr'><strong>tum</strong></span> <span class='ocrx_word' id='word_1_223' title='bbox 315 2082 458 2126; x_wconf 89' lang='lat' dir='ltr'><strong>adhuc</strong></span> <span class='ocrx_word' id='word_1_224' title='bbox 495 2084 689 2127; x_wconf 90' lang='lat' dir='ltr'><strong>delectat</strong></span> <span class='ocrx_word' id='word_1_225' title='bbox 721 2099 798 2127; x_wconf 86' lang='lat' dir='ltr'><strong>eos</strong></span> <span class='ocrx_word' id='word_1_226' title='bbox 832 2099 1024 2140; x_wconf 87' lang='lat' dir='ltr'><strong>peccare,</strong></span> <span class='ocrx_word' id='word_1_227' title='bbox 1059 2085 1271 2140; x_wconf 85' lang='lat' dir='ltr'><strong>professio</strong></span> <span class='ocrx_word' id='word_1_228' title='bbox 1314 2093 1382 2129; x_wconf 91' lang='lat' dir='ltr'><strong>est</strong></span> <span class='ocrx_word' id='word_1_229' title='bbox 1418 2092 1462 2128; x_wconf 91' lang='lat' dir='ltr'><strong>et</strong></span> <span class='ocrx_word' id='word_1_230' title='bbox 1493 2101 1580 2128; x_wconf 92' lang='lat' dir='ltr'><strong>non</strong></span> <span class='ocrx_word' id='word_1_231' title='bbox 1618 2086 1902 2136; x_wconf 82' lang='lat' dir='ltr'><strong>emendaci03</strong></span> 
     </span>
     <span class='ocr_line' id='line_1_24' title="bbox 106 2163 1903 2220; baseline 0.002 -18"><span class='ocrx_word' id='word_1_232' title='bbox 106 2165 335 2203; x_wconf 76' lang='lat' dir='ltr'><strong>accusatur</strong></span> <span class='ocrx_word' id='word_1_233' title='bbox 359 2163 507 2207; x_wconf 89' lang='lat' dir='ltr'><strong>anima</strong></span> <span class='ocrx_word' id='word_1_234' title='bbox 535 2171 581 2207; x_wconf 93' lang='lat' dir='ltr'><strong>et</strong></span> <span class='ocrx_word' id='word_1_235' title='bbox 611 2179 700 2206; x_wconf 93' lang='lat' dir='ltr'><strong>non</strong></span> <span class='ocrx_word' id='word_1_236' title='bbox 728 2172 919 2216; x_wconf 87' lang='lat' dir='ltr'><strong>sanatur,</strong></span> <span class='ocrx_word' id='word_1_237' title='bbox 947 2166 1259 2220; x_wconf 89' lang='lat' dir='ltr'><strong>pronunciatur</strong></span> <span class='ocrx_word' id='word_1_238' title='bbox 1287 2167 1455 2209; x_wconf 86' lang='lat' dir='ltr'><strong>offensa</strong></span> <span class='ocrx_word' id='word_1_239' title='bbox 1484 2168 1562 2209; x_wconf 90' lang='lat' dir='ltr'><strong>sed</strong></span> <span class='ocrx_word' id='word_1_240' title='bbox 1590 2180 1679 2208; x_wconf 91' lang='lat' dir='ltr'><strong>non</strong></span> <span class='ocrx_word' id='word_1_241' title='bbox 1709 2164 1903 2207; x_wconf 66' lang='lat' dir='ltr'><strong>tollitur?</strong></span> 
     </span>
     <span class='ocr_line' id='line_1_25' title="bbox 109 2238 1903 2300; baseline 0.002 -21"><span class='ocrx_word' id='word_1_242' title='bbox 109 2238 224 2280; x_wconf 85' lang='lat' dir='ltr'><strong>Haec</strong></span> <span class='ocrx_word' id='word_1_243' title='bbox 253 2238 313 2280; x_wconf 88' lang='lat' dir='ltr'><strong>ibi</strong></span> <span class='ocrx_word' id='word_1_244' title='bbox 342 2247 520 2284; x_wconf 66' lang='lat' dir='ltr'><strong>sanctus</strong></span> <span class='ocrx_word' id='word_1_245' title='bbox 549 2243 706 2285; x_wconf 90' lang='lat' dir='ltr'><strong>doctor</strong></span> <span class='ocrx_word' id='word_1_246' title='bbox 731 2243 1020 2298; x_wconf 84' lang='lat' dir='ltr'><strong>Augustinus.</strong></span> <span class='ocrx_word' id='word_1_247' title='bbox 1082 2244 1302 2286; x_wconf 86' lang='lat' dir='ltr'><strong>Dominus</strong></span> <span class='ocrx_word' id='word_1_248' title='bbox 1330 2245 1459 2297; x_wconf 90' lang='lat' dir='ltr'><strong>enim,</strong></span> <span class='ocrx_word' id='word_1_249' title='bbox 1490 2249 1565 2300; x_wconf 84' lang='lat'><strong>32⁰</strong></span> <span class='ocrx_word' id='word_1_250' title='bbox 1594 2248 1708 2298; x_wconf 86' lang='lat' dir='ltr'><strong>cap0.</strong></span> <span class='ocrx_word' id='word_1_251' title='bbox 1741 2242 1903 2293; x_wconf 87' lang='lat' dir='ltr'><strong>Exodi,</strong></span> 
     </span>
     <span class='ocr_line' id='line_1_26' title="bbox 107 2315 1904 2377; baseline 0.003 -21"><span class='ocrx_word' id='word_1_252' title='bbox 107 2315 306 2370; x_wconf 89' lang='lat' dir='ltr'><strong>placatus</strong></span> <span class='ocrx_word' id='word_1_253' title='bbox 325 2323 403 2367; x_wconf 56' lang='grc' dir='ltr'><strong>δὲ,</strong></span> <span class='ocrx_word' id='word_1_254' title='bbox 424 2331 480 2359; x_wconf 89' lang='lat' dir='ltr'><strong>ne</strong></span> <span class='ocrx_word' id='word_1_255' title='bbox 498 2319 664 2362; x_wconf 87' lang='lat' dir='ltr'><strong>deleret</strong></span> <span class='ocrx_word' id='word_1_256' title='bbox 682 2320 894 2375; x_wconf 89' lang='lat' dir='ltr'><strong>populum</strong></span> <span class='ocrx_word' id='word_1_257' title='bbox 917 2321 1052 2363; x_wconf 88' lang='lat' dir='ltr'><strong>Israel</strong></span> <span class='ocrx_word' id='word_1_258' title='bbox 1071 2328 1225 2364; x_wconf 87' lang='lat' dir='ltr'><strong>orante</strong></span> <span class='ocrx_word' id='word_1_259' title='bbox 1245 2322 1406 2377; x_wconf 90' lang='lat' dir='ltr'><strong>Moyse</strong></span> <span class='ocrx_word' id='word_1_260' title='bbox 1426 2336 1550 2364; x_wconf 90' lang='lat' dir='ltr'><strong>servo</strong></span> <span class='ocrx_word' id='word_1_261' title='bbox 1570 2322 1666 2371; x_wconf 91' lang='lat' dir='ltr'><strong>Dei,</strong></span> <span class='ocrx_word' id='word_1_262' title='bbox 1690 2328 1733 2362; x_wconf 90' lang='lat' dir='ltr'><strong>et</strong></span> <span class='ocrx_word' id='word_1_263' title='bbox 1753 2327 1904 2362; x_wconf 87' lang='lat' dir='ltr'><strong>tamen</strong></span> 
     </span>
     <span class='ocr_line' id='line_1_27' title="bbox 107 2399 1902 2457; baseline 0.002 -21"><span class='ocrx_word' id='word_1_264' title='bbox 107 2408 287 2437; x_wconf 88' lang='lat' dir='ltr'><strong>omnem</strong></span> <span class='ocrx_word' id='word_1_265' title='bbox 316 2409 496 2450; x_wconf 87' lang='lat' dir='ltr'><strong>poenam</strong></span> <span class='ocrx_word' id='word_1_266' title='bbox 524 2399 587 2440; x_wconf 85' lang='lat' dir='ltr'><strong>eis</strong></span> <span class='ocrx_word' id='word_1_267' title='bbox 615 2400 812 2442; x_wconf 88' lang='lat' dir='ltr'><strong>debitam</strong></span> <span class='ocrx_word' id='word_1_268' title='bbox 833 2407 937 2443; x_wconf 90' lang='lat' dir='ltr'><strong>tunc</strong></span> <span class='ocrx_word' id='word_1_269' title='bbox 969 2415 1057 2443; x_wconf 89' lang='lat' dir='ltr'><strong>non</strong></span> <span class='ocrx_word' id='word_1_270' title='bbox 1083 2401 1262 2444; x_wconf 88' lang='lat' dir='ltr'><strong>dimisit.</strong></span> <span class='ocrx_word' id='word_1_271' title='bbox 1323 2403 1457 2445; x_wconf 89' lang='lat' dir='ltr'><strong>Unde</strong></span> <span class='ocrx_word' id='word_1_272' title='bbox 1486 2409 1651 2457; x_wconf 87' lang='lat' dir='ltr'><strong>postea,</strong></span> <span class='ocrx_word' id='word_1_273' title='bbox 1672 2401 1715 2441; x_wconf 92' lang='lat' dir='ltr'><strong>in</strong></span> <span class='ocrx_word' id='word_1_274' title='bbox 1746 2401 1902 2441; x_wconf 91' lang='lat' dir='ltr'><strong>eodem</strong></span> 
     </span>
     <span class='ocr_line' id='line_1_28' title="bbox 108 2474 1904 2537; baseline 0.003 -22"><span class='ocrx_word' id='word_1_275' title='bbox 108 2479 206 2526; x_wconf 84' lang='lat' dir='ltr'><strong>ca⁰.,</strong></span> <span class='ocrx_word' id='word_1_276' title='bbox 233 2474 451 2518; x_wconf 89' lang='lat' dir='ltr'><strong>Dominus</strong></span> <span class='ocrx_word' id='word_1_277' title='bbox 484 2477 610 2531; x_wconf 86' lang='lat' dir='ltr'><strong>dixit,</strong></span> <span class='ocrx_word' id='word_1_278' title='bbox 640 2483 651 2501; x_wconf 90' lang='lat'>‘</span> <span class='ocrx_word' id='word_1_279' title='bbox 667 2480 721 2522; x_wconf 91' lang='lat' dir='ltr'><strong>In</strong></span> <span class='ocrx_word' id='word_1_280' title='bbox 747 2482 820 2523; x_wconf 89' lang='lat' dir='ltr'><strong>die</strong></span> <span class='ocrx_word' id='word_1_281' title='bbox 848 2481 1031 2523; x_wconf 90' lang='lat' dir='ltr'><strong>ulcionis</strong></span> <span class='ocrx_word' id='word_1_282' title='bbox 1060 2481 1274 2531; x_wconf 84' lang='lat' dir='ltr'><strong>visitabo‚’</strong></span> <span class='ocrx_word' id='word_1_283' title='bbox 1309 2483 1336 2524; x_wconf 88' lang='lat' dir='ltr'><strong>i.</strong></span> <span class='ocrx_word' id='word_1_284' title='bbox 1354 2497 1392 2524; x_wconf 94' lang='lat' dir='ltr'><strong>e.</strong></span> <span class='ocrx_word' id='word_1_285' title='bbox 1426 2483 1606 2537; x_wconf 89' lang='lat' dir='ltr'><strong>puniam</strong></span> <span class='ocrx_word' id='word_1_286' title='bbox 1636 2481 1719 2522; x_wconf 91' lang='lat' dir='ltr'><strong>hoc</strong></span> <span class='ocrx_word' id='word_1_287' title='bbox 1751 2492 1904 2534; x_wconf 88' lang='lat' dir='ltr'><strong>pecca-</strong></span> 
     </span>
     <span class='ocr_line' id='line_1_29' title="bbox 109 2557 1904 2614; baseline 0.002 -19"><span class='ocrx_word' id='word_1_288' title='bbox 109 2560 206 2596; x_wconf 91' lang='lat' dir='ltr'><strong>tum</strong></span> <span class='ocrx_word' id='word_1_289' title='bbox 245 2567 427 2606; x_wconf 90' lang='lat' dir='ltr'><strong>eorum;</strong></span> <span class='ocrx_word' id='word_1_290' title='bbox 467 2563 512 2598; x_wconf 94' lang='lat' dir='ltr'><strong>et</strong></span> <span class='ocrx_word' id='word_1_291' title='bbox 551 2557 736 2601; x_wconf 90' lang='lat' dir='ltr'><strong>Numeri</strong></span> <span class='ocrx_word' id='word_1_292' title='bbox 774 2561 984 2603; x_wconf 89' lang='lat' dir='ltr'><strong>vicesimo</strong></span> <span class='ocrx_word' id='word_1_293' title='bbox 1013 2565 1061 2613; x_wconf 87' lang='lat'><strong>4⁰</strong></span> <span class='ocrx_word' id='word_1_294' title='bbox 1101 2561 1217 2604; x_wconf 86' lang='lat' dir='ltr'><strong>dixit</strong></span> <span class='ocrx_word' id='word_1_295' title='bbox 1257 2562 1475 2605; x_wconf 89' lang='lat' dir='ltr'><strong>Dominus</strong></span> <span class='ocrx_word' id='word_1_296' title='bbox 1517 2560 1676 2614; x_wconf 90' lang='lat' dir='ltr'><strong>Moysi,</strong></span> <span class='ocrx_word' id='word_1_297' title='bbox 1712 2562 1722 2580; x_wconf 90' lang='lat'>‘</span> <span class='ocrx_word' id='word_1_298' title='bbox 1745 2559 1904 2600; x_wconf 87' lang='lat' dir='ltr'><strong>Dimisi</strong></span> 
     </span>
     <span class='ocr_line' id='line_1_30' title="bbox 109 2633 1905 2696; baseline 0.004 -22"><span class='ocrx_word' id='word_1_299' title='bbox 109 2633 276 2689; x_wconf 89' lang='lat' dir='ltr'><strong>populo</strong></span> <span class='ocrx_word' id='word_1_300' title='bbox 307 2633 458 2676; x_wconf 88' lang='lat' dir='ltr'><strong>Israeli</strong></span> <span class='ocrx_word' id='word_1_301' title='bbox 492 2634 624 2690; x_wconf 80' lang='lat' dir='ltr'><strong>juxta</strong></span> <span class='ocrx_word' id='word_1_302' title='bbox 662 2639 844 2682; x_wconf 88' lang='lat' dir='ltr'><strong>verbum</strong></span> <span class='ocrx_word' id='word_1_303' title='bbox 884 2647 1010 2683; x_wconf 90' lang='lat' dir='ltr'><strong>tuum</strong></span> <span class='ocrx_word' id='word_1_304' title='bbox 1051 2647 1112 2691; x_wconf 83' lang='lat' dir='ltr'><strong>ut,</strong></span> <span class='ocrx_word' id='word_1_305' title='bbox 1153 2655 1226 2693; x_wconf 91' lang='lat' dir='ltr'><strong>sc.,</strong></span> <span class='ocrx_word' id='word_1_306' title='bbox 1261 2656 1337 2684; x_wconf 90' lang='lat' dir='ltr'><strong>eos</strong></span> <span class='ocrx_word' id='word_1_307' title='bbox 1372 2643 1465 2696; x_wconf 87' lang='lat' dir='ltr'><strong>jam</strong></span> <span class='ocrx_word' id='word_1_308' title='bbox 1508 2654 1595 2682; x_wconf 90' lang='lat' dir='ltr'><strong>non</strong></span> <span class='ocrx_word' id='word_1_309' title='bbox 1635 2639 1818 2692; x_wconf 88' lang='lat' dir='ltr'><strong>deleam,</strong></span> <span class='ocrx_word' id='word_1_310' title='bbox 1859 2646 1905 2682; x_wconf 88' lang='lat' dir='ltr'><strong>et</strong></span> 
     </span>
     <span class='ocr_line' id='line_1_31' title="bbox 105 2713 1905 2776; baseline 0.003 -20"><span class='ocrx_word' id='word_1_311' title='bbox 105 2713 201 2767; x_wconf 87' lang='lat' dir='ltr'><strong>jam</strong></span> <span class='ocrx_word' id='word_1_312' title='bbox 234 2726 323 2755; x_wconf 90' lang='lat' dir='ltr'><strong>non</strong></span> <span class='ocrx_word' id='word_1_313' title='bbox 356 2727 627 2757; x_wconf 82' lang='lat' dir='ltr'><strong>consumam.</strong></span> <span class='ocrx_word' id='word_1_314' title='bbox 698 2717 916 2762; x_wconf 87' lang='lat' dir='ltr'><strong>Attamen</strong></span> <span class='ocrx_word' id='word_1_315' title='bbox 952 2734 1106 2763; x_wconf 89' lang='lat' dir='ltr'><strong>omnes</strong></span> <span class='ocrx_word' id='word_1_316' title='bbox 1140 2722 1215 2776; x_wconf 93' lang='lat' dir='ltr'><strong>qui</strong></span> <span class='ocrx_word' id='word_1_317' title='bbox 1255 2735 1342 2764; x_wconf 89' lang='lat' dir='ltr'><strong>non</strong></span> <span class='ocrx_word' id='word_1_318' title='bbox 1374 2722 1633 2764; x_wconf 87' lang='lat' dir='ltr'><strong>obedierunt</strong></span> <span class='ocrx_word' id='word_1_319' title='bbox 1667 2719 1761 2761; x_wconf 90' lang='lat' dir='ltr'><strong>voci</strong></span> <span class='ocrx_word' id='word_1_320' title='bbox 1791 2732 1905 2761; x_wconf 84' lang='lat' dir='ltr'><strong>meae</strong></span> 
     </span>
    </p>
   </div>
   <div class='ocr_carea' id='block_1_3' title="bbox 110 2793 1903 2909">
    <p class='ocr_par' dir='ltr' id='par_1_3' title="bbox 110 2793 1903 2909">
     <span class='ocr_line' id='line_1_32' title="bbox 110 2793 1903 2853; baseline 0.003 -18"><span class='ocrx_word' id='word_1_321' title='bbox 110 2806 200 2836; x_wconf 86' lang='lat' dir='ltr'><strong>non</strong></span> <span class='ocrx_word' id='word_1_322' title='bbox 230 2793 443 2837; x_wconf 86' lang='lat' dir='ltr'><strong>videbunt</strong></span> <span class='ocrx_word' id='word_1_323' title='bbox 474 2802 647 2847; x_wconf 88' lang='lat' dir='ltr'><strong>terram,</strong></span> <span class='ocrx_word' id='word_1_324' title='bbox 679 2810 736 2841; x_wconf 87' lang='lat' dir='ltr'><strong>se.</strong></span> <span class='ocrx_word' id='word_1_325' title='bbox 764 2801 1077 2853; x_wconf 86' lang='lat' dir='ltr'><strong>promissionis,</strong></span> <span class='ocrx_word' id='word_1_326' title='bbox 1110 2800 1187 2843; x_wconf 87' lang='lat' dir='ltr'><strong>filii</strong></span> <span class='ocrx_word' id='word_1_327' title='bbox 1221 2809 1368 2844; x_wconf 87' lang='lat' dir='ltr'><strong>autem</strong></span> <span class='ocrx_word' id='word_1_328' title='bbox 1404 2800 1534 2842; x_wconf 85' lang='lat' dir='ltr'><strong>vestri</strong></span> <span class='ocrx_word' id='word_1_329' title='bbox 1568 2805 1696 2842; x_wconf 90' lang='lat' dir='ltr'><strong>erunt</strong></span> <span class='ocrx_word' id='word_1_330' title='bbox 1728 2799 1829 2853; x_wconf 88' lang='lat' dir='ltr'><strong>vagi</strong></span> <span class='ocrx_word' id='word_1_331' title='bbox 1859 2799 1903 2841; x_wconf 86' lang='lat' dir='ltr'><strong>in</strong></span> 
     </span>
     <span class='ocr_line' id='line_1_33' title="bbox 984 2878 1018 2909; baseline 0 -1"><span class='ocrx_word' id='word_1_332' title='bbox 984 2878 1018 2909; x_wconf 78' lang='lat' dir='ltr'>N</span> 
     </span>
    </p>
   </div>
  </div>
 </body>
</html>
