2456 3210
721 335 853 370 LOCI
887 335 927 369 E
964 334 1131 370 LIBRO
1178 333 1379 369 VERJTA
1390 333 1519 368 TUM.
1950 335 2022 378 151

227 491 316 519 non
344 478 598 533 implebitur
625 479 719 520 sine
747 479 1070 533 perseverantia
1098 477 1203 519 boni
1234 478 1388 528 meriti,
1409 483 1457 518 ut
1487 482 1675 518 testatur
1704 476 1860 517 doctor
1892 475 2029 528 Hugo

228 559 286 600 de
323 558 511 611 Vienna,
551 563 634 601 ca0.
674 558 805 613 xviij⁰
841 558 1061 613 jeremiae,
1102 571 1184 600 nec
1222 558 1454 612 permissio
1501 570 1582 599 nec
1625 556 1804 598 collatio
1844 555 2030 609 alicujus

227 639 334 681 boni
368 639 624 694 temporalis
658 645 937 694 permaneret
968 653 1049 681 nec
1079 645 1325 680 remaneret
1358 638 1444 679 illis
1474 637 1672 692 personis
1701 651 1729 678 a
1758 636 1919 690 quibus
1949 635 2030 676 Xti

227 720 415 762 vicarius
438 720 643 762 dominus
670 734 789 774 papa
817 719 984 761 indicat
1013 718 1089 760 illa
1116 718 1277 761 retrahi
1307 725 1353 760 et
1379 719 1424 759 in
1453 718 1655 759 meliores
1679 724 1784 759 usus
1811 717 2031 766 converti3

230 801 450 842 Dominus
479 801 597 842 enirn
627 801 829 855 promisit
858 814 907 842 se
937 800 1106 853 Judaeis
1136 799 1331 841 conferre
1361 799 1487 853 plura
1517 799 1635 840 bona
1669 806 1806 852 quam‘
1835 811 2031 852 unquam

230 881 293 922 eis
323 881 522 932 contulit,
551 882 656 935 quia
684 882 846 923 vicium
882 888 927 922 et
963 887 1193 935 peccatum
1230 894 1382 922 eorum
1419 894 1550 922 causa
1579 880 1660 921 fuit
1690 879 1810 933 quod
1843 892 1931 920 non
1966 891 2032 919 re-

231 968 442 1015 ceperunt
479 963 695 1016 promissa
736 962 798 1003 eis
838 976 864 1003 a
906 962 1016 1012 Deo,
1053 969 1097 1003 et
1138 962 1343 1015 indignos
1382 976 1431 1003 se
1471 961 1667 1003 fecerunt
1707 961 1904 1014 accipere
1946 960 2031 1001 Dei

232 1043 514 1096 sponsionem
549 1074 558 1083 .
596 1074 606 1084 .
641 1074 650 1083 .
684 1042 898 1084 consimili
932 1043 989 1083 de
1024 1055 1156 1083 causa
1192 1048 1238 1083 et
1273 1042 1559 1084 consimiliter
1594 1042 1687 1095 ejus
1722 1041 1920 1092 vicarius,
1952 1041 2032 1082 do-

233 1123 377 1164 minus
418 1109 566 1177 papa‚⁰
585 1129 733 1177 potest
773 1136 982 1165 concessa
1022 1136 1225 1164 revocare
1264 1130 1310 1165 et
1354 1123 1589 1178 disponere
1628 1123 1685 1164 ad
1729 1122 1814 1164 Dei
1855 1122 2032 1163 laudem

233 1209 278 1244 et
326 1203 514 1245 salutem
560 1203 806 1245 animarum
851 1204 1094 1245 secundum
1139 1204 1259 1257 quod
1301 1203 1473 1257 judicat
1518 1204 1602 1244 hoc
1650 1217 1746 1244 esse
1790 1215 2032 1244 consonum

232 1283 393 1324 divinae
431 1283 674 1333 voluntati3
719 1284 832 1325 sicut
872 1297 1047 1351 semper
1082 1284 1287 1324 dominus
1322 1297 1439 1338 papa
1479 1284 1698 1325 concessit
1732 1284 1950 1337 prioratus
1989 1283 2033 1323 in
2080 1292 2102 1313 11

232 1362 402 1418 Anglia
422 1369 467 1405 et
487 1364 685 1405 redditus
707 1377 871 1414 eorum,
893 1364 968 1418 qui
990 1352 1165 1405 fuerunt
1188 1364 1295 1405 olim
1316 1364 1439 1406 cellae
1469 1364 1742 1405 monasteriis
1768 1364 1812 1404 in
1839 1363 2034 1414 Francia,

234 1457 293 1484 ex
323 1444 443 1485 dono
473 1444 587 1498 regis
612 1443 823 1486 Willelmi
857 1443 1184 1498 Conquestoris‚
1214 1444 1400 1498 collegio
1433 1445 1490 1485 de
1525 1444 1645 1485 Eton
1672 1444 1806 1497 juxta
1834 1443 2034 1497 Wynde·

234 1537 380 1565 soram
401 1530 447 1566 et
467 1524 653 1579 collegio
674 1525 834 1579 Regali
856 1524 899 1565 in
924 1524 1220 1578 Cantabrigia.
1238 1556 1248 1566 .
1268 1554 1279 1564 .
1298 1556 1307 1565 .
1326 1523 1452 1566 Sicut
1473 1538 1553 1565 rex
1575 1524 1755 1578 Angliae
1777 1539 1835 1565 ex
1856 1538 2035 1566 conces-

235 1604 357 1645 sione
395 1618 525 1658 papae
564 1605 667 1646 tulit
705 1619 733 1646 a
772 1605 875 1646 viris
916 1605 1139 1658 religiosis,
1179 1604 1253 1658 qui
1293 1604 1565 1646 vocabantur
1603 1603 1859 1658 Templarii‚
1898 1611 2035 1646 terras

235 1697 349 1735 suas,
387 1684 536 1726 dando
581 1699 656 1726 eas
695 1685 792 1726 aliis
831 1685 933 1726 viris
973 1684 1100 1725 bonis
1140 1690 1185 1724 et
1222 1683 1366 1736 justis,
1408 1690 1452 1725 et
1493 1698 1609 1738 papa
1649 1684 1869 1726 destruxit
1913 1684 2034 1726 illam

234 1764 490 1818 religionem
531 1764 898 1819 Templariorum,
939 1765 1001 1806 ita
1043 1771 1092 1805 ut
1132 1764 1342 1818 deinceps
1384 1763 1529 1804 nullus
1569 1771 1684 1806 esset
1723 1765 1780 1805 de
1821 1764 1896 1806 illa
1936 1765 2036 1806 reli-

235 1844 378 1897 gione,
407 1851 457 1886 ut
490 1850 615 1898 patet
651 1847 696 1887 in
731 1845 862 1886 bullis
899 1846 1029 1899 Papae
1063 1844 1265 1894 Romani,
1301 1857 1410 1897 quas
1445 1844 1600 1885 recitat
1635 1846 1836 1898 egregius
1866 1846 2034 1894 doctor,

238 1924 453 1978 Magister
490 1921 740 1967 Willelmus
782 1926 839 1967 de
875 1925 1100 1988 Alveriga,
1142 1925 1375 1978 episcopus
1414 1925 1638 1978 quondam
1687 1925 1949 1977 Parisiensis,
1990 1927 2033 1967 in

238 2004 349 2045 libro
379 2016 462 2046 suo
489 2006 560 2047 De
589 2007 968 2060 exempcionibus,
1000 2010 1083 2046 ca0.
1117 2010 1202 2046 21⁰.

354 2084 507 2139 Aliqui
547 2088 745 2128 moderni
786 2095 831 2129 et
871 2087 1032 2128 novelli
1072 2086 1274 2137 scolares,
1314 2086 1465 2140 pocius
1504 2088 1647 2128 verbis
1690 2088 1919 2128 hominum
1959 2102 2034 2128 va-

239 2172 391 2206 cantes
422 2173 557 2219 quam
592 2167 890 2209 fundamentis
924 2169 1039 2208 veris
1078 2168 1122 2207 in
1160 2166 1265 2208 Deo·
1295 2173 1340 2208 et
1379 2167 1425 2208 in-
1463 2170 1672 2210 c'reaturis
1707 2169 1796 2208 suis
1830 2168 2061 2218 fundatis,—

239 2252 411 2298 ponunt
450 2248 569 2299 quod
617 2261 705 2290 non
746 2249 848 2290 licet
888 2248 1174 2302 interpretari,
1213 2247 1239 2287 i.
1255 2261 1293 2288 e.
1334 2261 1569 2302 exponere,
1611 2250 1744 2290 verba
1785 2262 1912 2302 papae
1954 2248 2035 2288 nisi

179 2356 182 2358 -
222 2324 510 2366 'secunduml
539 2327 903 2381 significationem
933 2329 1165 2370 verborum
1201 2329 1607 2381 grammaticalem3
1649 2335 1799 2370 contra
1832 2329 1939 2368 istos
1973 2328 2036 2369 sic

241 2405 439 2447 dicentes
473 2412 578 2448 sunt
610 2407 757 2462 plures
792 2409 1043 2451 evidenciae.
1110 2408 1229 2449 Xtus
1261 2407 1377 2448 enim
1409 2408 1537 2462 plura
1569 2409 1684 2450 dixit
1716 2422 1815 2462 quae
1847 2408 1905 2448 ab
1939 2407 2036 2448 aliis

242 2485 405 2527 sanctis
450 2486 554 2527 viris
600 2489 763 2542 exponi
809 2490 948 2531 voluit
1001 2495 1044 2530 et
1091 2487 1313 2538 declarari,
1360 2489 1478 2530 unde
1523 2488 1794 2542 evangelista
1846 2486 2035 2530 Sanctus

240 2565 468 2618 Johannes
502 2568 710 2620 exposuit
741 2570 875 2611 verba
909 2569 983 2611 illa
1019 2569 1111 2619 Xti,
1140 2567 1355 2621 Johannis
1385 2569 1554 2619 ultimo,
1586 2569 1740 2609 ‘Alius
1774 2567 1943 2620 scinget
1978 2574 2037 2619 te,

243 2651 288 2687 et
316 2645 450 2687 ducet
481 2651 539 2694 te,
568 2651 649 2688 etc.
711 2646 836 2700 Hoc,'
862 2649 1005 2703 inquit
1036 2648 1317 2702 evangelista,
1342 2648 1507 2700 ‘dixit,’
1527 2663 1586 2690 sc.
1611 2649 1739 2698 Xtus,
1764 2647 2037 2700 ‘significans

243 2739 331 2779 qua
362 2731 504 2767 morte
532 2725 847 2770 clarificaturus
876 2735 991 2770 esset
1022 2726 1195 2778 Deum,’
1216 2741 1273 2770 sc.
1298 2728 1463 2780 Petrus,
1493 2735 1671 2770 sanctus
1701 2726 1938 2780 apostolus,
1960 2741 2038 2781 per

245 2819 372 2846 suum
426 2805 680 2847 martirium.
760 2806 890 2857 Item,
936 2809 1119 2850 verbum
1171 2808 1322 2849 vocale
1373 2822 1466 2850 non-
1513 2815 1578 2849 est
1628 2807 1689 2847 sic
1736 2807 2036 2859 expressivum

1051 2897 1062 2916 ¹
1086 2898 1115 2928 E
1131 2908 1233 2938 marg.
