2456 3210
701 335 833 371 LOCI
867 335 907 369 E
943 333 1111 369 LIBRO
1156 330 1502 369 VERJTATUM.
1920 329 2004 370 2¹9

203 486 249 522 et
279 480 398 522 idem
434 494 514 522 rex
548 481 663 522 dixit
704 494 751 522 se
790 480 1008 522 facturum
1043 479 1279 534 collegium
1319 477 1629 531 theologorum
1669 479 1715 516 et
1752 471 2005 514 artistarum

203 560 248 602 in
289 568 433 603 castro
468 560 672 609 Oxoniae,
715 566 760 603 et
800 566 1035 602 annectere
1069 561 1132 602 eis
1171 573 1327 602 omnes
1367 559 1582 613 prioratus
1617 556 1662 597 in
1698 552 1866 607 Anglia
1906 564 2006 605 quae

176 625 483 695 —pertinebant
510 641 766 695 alienigenis
797 647 927 682 extra
954 653 1168 695 regnum;
1204 646 1249 682 et
1277 639 1363 681 hoc
1393 637 1532 680 voluit
1562 651 1621 679 ex
1652 634 1834 678 licencia
1862 646 2006 688 papae,

205 722 283 763 sed
312 729 455 764 morte
484 728 735 776 praeventus
766 729 858 764 est:
891 727 936 763 et
969 721 1083 762 filius
1114 735 1229 772 suus,
1256 720 1475 762 Henricus
1498 718 1678 768 Sextus,
1707 717 1752 758 in
1777 715 2009 769 juventute

204 815 285 843 sua
314 802 438 844 dedit
461 803 603 844 dictos
629 803 845 856 prioratus
873 801 1061 856 collegio
1081 802 1138 843 de
1159 801 1279 843 Eton
1305 800 1439 854 juxta
1460 799 1722 841 Windesore
1748 803 1793 840 et
1821 796 2008 850 collegio

207 882 360 925 Sancti
390 883 593 926 Nicholai
624 883 668 924 in
699 881 984 937 Cantibrigia.

321 969 375 1014 [p.
395 969 487 1014 604]
544 969 763 1013 Regnum.
834 963 937 1004 Rex
971 961 1164 1016 Angliae,
1206 961 1425 1003 Henricus
1457 961 1636 1011 Sextus,
1671 974 1698 1002 a
1733 958 2010 1014 possessione

207 1043 502 1093 Normanniae,
535 1050 579 1086 et
603 1043 893 1098 Andagaviae,
919 1050 964 1085 et
997 1041 1325 1094 Cenomanniae,
1355 1048 1400 1084 et
1419 1042 1654 1084 Vasconiae
1685 1040 1863 1082 recessit
1892 1052 2009 1080 anno

207 1124 389 1166 Domini
406 1131 531 1177 1450,
551 1131 596 1167 et
616 1125 702 1167 ista
726 1125 967 1174 occasione,
988 1130 1038 1165 ut
1062 1123 1413 1165 diciturz—-Dux
1437 1121 1738 1171 Suthfolchiae,
1760 1119 2010 1162 Willelmus

208 1204 328 1254 Pule,
349 1206 527 1246 nomine
549 1205 847 1260 procuratorio
874 1204 1073 1259 ejusdem
1095 1204 1210 1258 regis
1230 1203 1420 1258 Angliae,
1448 1203 1731 1258 desponsavit
1759 1202 1803 1242 in
1825 1201 2011 1243 Francia

207 1286 518 1340 Margaretam‚
558 1286 694 1328 filiam
734 1286 941 1341 praetensi
972 1285 1086 1340 regis
1120 1284 1309 1336 Ceciliae,
1341 1285 1520 1327 nomine
1560 1283 1860 1339 procuratorio
1896 1282 2011 1336 regis

206 1366 387 1421 Angliae
415 1366 597 1409 Henrici
621 1366 763 1419 Sexti,
796 1372 901 1409 tunc
934 1367 978 1407 in
1006 1366 1174 1421 Anglia
1204 1366 1464 1417 existentis3
1496 1373 1542 1408 et
1572 1379 1670 1407 eam
1705 1371 1811 1406 tune
1844 1363 2011 1405 dimisit

207 1447 250 1488 in
283 1447 479 1499 Francia,
510 1454 555 1490 et
590 1448 763 1490 rediens
794 1448 838 1488 in
868 1446 1096 1502 Angliam,
1127 1452 1172 1488 et
1208 1446 1359 1488 multis
1396 1446 1604 1500 expensis
1638 1444 1814 1499 paratis,
1850 1445 2009 1485 iterum

207 1527 337 1570 rediit
360 1528 404 1569 in
426 1528 670 1579 Franciam,
692 1535 740 1570 ut
770 1529 952 1570 duceret
982 1529 1102 1582 prius
1132 1528 1448 1582 desponsatam
1480 1527 1677 1581 reginam
1707 1528 1751 1568 in
1774 1525 2011 1580 Angliam;

207 1614 253 1650 et
282 1614 389 1650 tunc
417 1608 499 1651 fuit
531 1609 575 1650 in
609 1609 793 1651 Francia
826 1623 905 1664 per
939 1609 1092 1650 decem
1123 1614 1169 1650 et
1198 1615 1369 1663 septem
1399 1608 1682 1662 septimanas,
1708 1607 1906 1648 nesciens
1934 1605 2010 1647 ubi

207 1690 417 1743 praedicta
448 1690 700 1745 Margareta
729 1690 822 1742 fuit,
847 1703 927 1731 nec
961 1690 1035 1730 ubi
1067 1689 1276 1740 condita;
1313 1696 1357 1730 et
1390 1695 1495 1730 tunc
1524 1689 1618 1730 dux
1653 1687 1902 1743 praedictus,
1934 1688 2010 1741 qui

207 1769 450 1812 inconsulte
485 1770 712 1812 dimiserat
747 1769 867 1811 illam
903 1770 1023 1824 prius
1062 1770 1176 1811 intra
1212 1770 1416 1820 Francos,
1448 1770 1601 1810 videns
1638 1783 1685 1810 se
1720 1769 1866 1824 ipsum
1901 1769 2011 1810 dura

208 1864 267 1891 ex
301 1850 521 1892 verisimili
555 1864 798 1904 passurum,
830 1850 867 1891 si
905 1850 1000 1891 sine
1037 1849 1111 1891 illa
1146 1850 1190 1891 in
1219 1849 1432 1904 Angliam
1466 1850 1639 1898 rediret,
1671 1863 1724 1891 eo
1759 1849 1878 1904 quod
1916 1849 2010 1890 sine

183 1929 391 1972 !concilio
417 1931 538 1985 regni
566 1930 746 1984 Angliae
776 1931 859 1972 hoc
888 1930 1218 1972 matrimonium
1244 1930 1410 1972 factum
1440 1930 1535 1981 fuit,
1559 1930 1783 1972 consensis
1809 1930 1935 1978 votis,
1964 1936 2010 1971 et

209 2010 436 2052 desideriis
484 2011 599 2065 regis
648 2017 754 2052 tunc
795 2010 1003 2060 Franciae,
1046 2016 1102 2060 et,
1138 2016 1186 2051 ut
1226 2010 1394 2058 dicitur,
1437 2010 1687 2065 manucepit
1732 2010 1876 2051 eidem
1918 2010 2008 2063 regi

211 2090 418 2141 Franciae,
449 2092 566 2144 quod
608 2106 688 2133 rex
719 2091 898 2146 Angliae
938 2091 1052 2133 votis
1092 2092 1206 2145 regis
1242 2091 1438 2132 Franciae
1474 2092 1740 2133 consentiret
1775 2090 1848 2141 sic,
1888 2090 2008 2144 quod

209 2172 422 2224 praedicta
443 2172 694 2227 Margareta
730 2173 931 2214 manibus
961 2178 1005 2214 et
1040 2172 1251 2226 potestati
1286 2171 1484 2226 praedicti
1515 2173 1637 2214 ducis
1657 2171 1866 2212 willelmi
1899 2170 2008 2212 Pule

211 2250 534 2302 deliberaretur,
563 2259 614 2295 ut
649 2266 749 2295 eam
785 2254 964 2294 duceret
1002 2253 1045 2293 in
1082 2251 1323 2305 Angliam;
1362 2258 1407 2293 et
1442 2253 1503 2293 sic
1538 2253 1656 2294 sacta
1689 2258 1755 2292 est
1794 2251 2008 2292 alienacio

213 2331 497 2372 Normanniae
537 2338 583 2373 et
623 2332 934 2386 praedictorum
978 2339 1190 2373 terrarum
1230 2331 1323 2373 sine
1363 2333 1613 2374 resistencia
1654 2331 1917 2385 Anglorum,
1963 2337 2007 2372 et

212 2411 306 2451 sine
340 2411 506 2452 tributo
539 2412 716 2454 annuali
748 2413 960 2455 solvendo
996 2412 1188 2466 Angliae‚
1226 2419 1270 2453 et
1302 2413 1396 2454 sine
1430 2413 1577 2467 aliqua
1612 2425 1721 2465 pace
1755 2410 1872 2452 finali
1906 2424 2008 2452 con-

211 2490 332 2532 clusa
366 2504 442 2531 seu
475 2504 680 2534 concessa
715 2500 821 2536 tunc
853 2494 966 2535 inter
1001 2493 1074 2534 illa
1107 2493 1197 2534 duo
1234 2506 1379 2546 regna.
1446 2493 1486 2535 O
1522 2494 1557 2534 si
1591 2493 1688 2533 finis
1723 2491 1870 2545 magni
1903 2490 2008 2532 mali

214 2570 423 2624 praeteriti
459 2577 575 2612 esset
608 2585 699 2625 pax
731 2573 830 2615 Deo
862 2573 1042 2628 placens
1075 2572 1188 2613 inter
1221 2572 1306 2614 ista
1339 2587 1474 2628 regna
1506 2572 1682 2626 Angliae
1719 2577 1763 2612 et
1797 2571 2006 2619 Franciae,

214 2663 348 2703 quam
383 2649 562 2704 Anglici
592 2657 829 2704 potuerunt
862 2660 993 2695 antea
1030 2652 1236 2694 habuisse
1276 2666 1375 2694 cum
1418 2666 1578 2706 magna
1618 2664 1790 2692 summa
1830 2650 2008 2692 annuali

214 2729 440 2770 annuatim
476 2728 677 2784 Anglicis
717 2733 953 2783 reddenda,
988 2733 1024 2774 si
1059 2747 1171 2774 unus
1211 2733 1306 2774 dux
1342 2732 1521 2786 Angliae
1563 2739 1607 2773 et
1647 2731 1878 2784 episcopus
1919 2743 2008 2772 non

216 2810 601 2859 contradixissent,
632 2813 810 2864 quando
839 2814 1072 2855 concilium
1104 2812 1328 2867 utriusque
1357 2814 1493 2868 partis
1523 2812 1604 2853 fuit
1633 2812 1750 2865 apud
1781 2809 1899 2852 aras!

331 2896 376 2939 [p.
398 2895 492 2938 605.]
552 2890 1014 2945 Praecepit-Dominus,
1038 2894 1220 2936 Numeri
1244 2894 1299 2947 36
1326 2899 1420 2944 ca⁰.‚
1446 2893 1563 2947 quod
1593 2905 1745 2933 omnes
1770 2891 1849 2932 viri
1877 2893 2009 2934 duce-

1057 2972 1083 3002 F
1105 2963 1126 3003 f
1146 2974 1167 3003 2
