2456 3210
598 303 603 308 -
681 325 814 361 Locl
846 325 887 360 E
923 325 1090 360 LIBRO
1136 324 1483 372 VERJTATUM.
1901 331 1984 374 215

183 469 243 510 ibi
263 468 505 523 abjuravit:
537 475 582 510 et
602 468 820 510 combusti
840 466 1015 509 suerunt
1035 473 1140 509 tunc
1159 474 1265 509 ante
1284 481 1386 509 eum
1408 469 1467 510 ad
1488 481 1664 511 crucem
1684 468 1838 511 Sancti
1861 468 1983 510 Pauli

181 549 384 604 apostoli,
404 549 447 590 in
473 549 550 590 illo
568 548 793 599 cimiterio,
813 547 911 589 libri
933 547 1130 601 ejusdem
1153 548 1350 602 magistri
1373 549 1608 603 Reginaldi
1630 549 1789 601 Pecok,
1810 549 1870 589 W
1869 549 1984 591 allici

180 629 362 683 origine,
395 636 441 670 et
478 635 584 671 tunc
619 628 812 682 episcopi
849 626 1135 677 Cicistrensis,
1171 629 1247 682 qui
1285 635 1418 671 antea
1457 629 1541 672 suit
1581 630 1814 685 episcopus
1844 630 1985 672 Assa-

181 710 329 751 vensis
358 710 403 751 in
428 708 587 760 Vallia,
617 715 663 751 et
697 709 923 762 quondam
955 709 1038 750 suit
1072 709 1216 751 socius
1247 709 1421 764 collegii
1454 711 1512 752 de
1543 709 1685 753 Oriell
1716 712 1761 752 in
1792 710 1984 761 Oxonia,

183 796 230 832 et
260 790 416 832 doctor
444 789 527 831 suit
557 788 825 831 oxoniensis
854 789 898 829 in
929 788 1187 843 Theologia‚
1207 795 1253 831 et
1283 803 1363 831 nec
1396 796 1502 832 ante
1530 791 1718 844 gradum
1750 791 1887 832 illum=
1904 805 1985 832 nec

182 876 284 926 post
315 871 502 925 gradum
537 869 661 910 illum
694 868 798 910 fecit
833 869 1026 923 aliquem
1058 877 1207 911 actum
1239 870 1286 911 in
1316 870 1447 912 scolis
1487 885 1568 925 pro
1607 871 1749 914 forma
1783 886 1875 922 sua,
1904 872 1983 913 sed

183 951 346 1005 recepit
380 950 503 992 illum
536 950 723 1003 gradum
756 962 835 1003 per
866 950 1259 1004 dispensacionem,
1296 951 1324 992 i.
1344 964 1380 993 e.
1416 965 1496 1006 per
1535 951 1872 1006 dissipacionem
1906 965 1982 993 seu

183 1031 410 1074 licenciam
449 1031 507 1072 ad
547 1029 712 1071 malum
751 1043 831 1083 per
869 1036 1073 1083 regentes
1113 1031 1158 1071 in
1199 1030 1391 1082 Oxonia,
1431 1038 1480 1073 ut
1521 1046 1606 1087 ego
1636 1031 1835 1073 Thomas
1871 1031 1985 1074 Gas-

184 1111 340 1166 coigne
359 1111 474 1162 novi,
489 1111 667 1165 quando
687 1110 783 1164 ipse
804 1109 963 1159 Pecok,
983 1111 1182 1164 provisus
1202 1115 1308 1153 tunc
1327 1112 1372 1153 in
1392 1113 1648 1166 episcopum
1674 1112 1982 1154 Cicistrensem

146 1205 262 1245 ..per
293 1191 439 1233 media
462 1190 673 1232 Willelmi
702 1190 827 1232 ducis
858 1189 1177 1232 Southfolchiae
1205 1198 1253 1233 et
1279 1191 1466 1234 walteri
1495 1193 1612 1235 Hart
1642 1193 1836 1248 episcopi
1867 1190 1983 1235 Nor·
2053 1178 2061 1185 ⁶

181 1272 405 1326 wycensis,
449 1272 611 1326 incepit
660 1272 705 1312 in
746 1270 991 1324 Theologia
1040 1271 1123 1311 sub
1172 1273 1368 1326 quodam
1421 1273 1636 1315 monacho
1685 1272 1985 1316 Cisterciensis

181 1352 362 1401 ordinis,
392 1353 571 1406 quando
605 1365 702 1405 ego,
737 1352 977 1406 praedictus
1006 1351 1267 1406 Gascoigne,
1297 1352 1590 1395 Eboracensis
1620 1354 1807 1396 diocesis
1839 1361 1983 1404 natus,

181 1432 245 1473 sui
283 1431 565 1476 cancellarius
597 1431 800 1479 Oxoniae,
842 1432 956 1473 circa
998 1445 1164 1473 annum
1201 1433 1383 1474 Domini
1421 1443 1542 1485 1445,
1578 1441 1623 1475 et
1663 1435 1845 1488 quando
1885 1434 1983 1476 libri

181 1513 381 1568 praedicti
425 1513 572 1556 Pecok
611 1513 786 1554 fuerunt
824 1513 1043 1555 combusti
1078 1513 1331 1565 Londoniis,
1366 1527 1496 1565 anno,
1528 1515 1613 1563 die,
1650 1521 1696 1556 et
1734 1514 1833 1557 loco
1872 1529 1984 1569 prae-

182 1593 324 1645 dictis,
352 1594 447 1648 ipse
483 1594 714 1648 episcopus
746 1593 893 1635 Pecok
921 1592 1003 1635 fuit
1039 1607 1234 1647 praesens
1267 1595 1312 1635 in
1348 1594 1447 1636 loco
1477 1595 1795 1636 combustionis
1826 1609 1983 1637 eorun-

181 1674 299 1723 dem,
324 1675 483 1716 sedens
513 1675 572 1716 ad
603 1675 740 1727 pedes
769 1674 1102 1728 episcoporum;
1140 1681 1185 1715 et
1220 1675 1280 1715 sic
1310 1674 1384 1716 ille
1414 1675 1531 1715 idem
1562 1676 1793 1729 episcopus
1822 1675 1983 1725 Pecok,

181 1754 258 1808 qui
278 1761 409 1796 antea
428 1754 683 1808 praedicavit
702 1754 759 1794 ad
782 1767 955 1794 crucem
981 1752 1133 1795 Sancti
1156 1753 1279 1794 Pauli
1300 1755 1420 1807 quod
1451 1755 1657 1809 episcopi,
1678 1756 1722 1796 in
1746 1755 1831 1797 hoc
1861 1757 1981 1810 quod

182 1834 376 1888 episcopi
405 1841 521 1884 sunt,
549 1847 638 1875 non
668 1839 875 1875 tenentur
904 1834 1155 1887 praedicare,
1183 1841 1228 1875 et
1256 1834 1342 1875 hoc
1372 1835 1488 1876 idem
1517 1835 1701 1889 scripsit,
1723 1836 1831 1877 illud
1862 1837 1981 1878 idem

182 1920 337 1968 postoe
372 1915 604 1965 revocavit,
628 1921 673 1956 et
703 1914 747 1955 in
779 1915 937 1955 eodem
967 1914 1064 1955 loco
1095 1914 1169 1954 ubi
1201 1914 1366 1956 malum
1397 1914 1483 1956 hoc
1512 1916 1780 1969 praedicavit,
1803 1917 1981 1957 videbat

183 1994 318 2035 libros
356 2008 460 2036 suos
497 2001 603 2036 ante
642 1995 833 2047 seipsum
875 1994 1070 2035 comburi
1119 1995 1164 2034 in
1203 1996 1443 2048 praesencia
1489 1997 1796 2050 episcoporum
1845 2004 1889 2038 et
1938 1998 1980 2037 in

184 2074 423 2127 praesencia
454 2074 557 2116 cleri
590 2082 638 2116 et
672 2075 820 2128 magni
854 2074 1017 2128 populi,
1052 2088 1168 2114 anno
1201 2074 1382 2116 Domini
1417 2075 1524 2128 Jesu
1555 2081 1648 2116 m¹¹¹⁰
1675 2081 1824 2118 ccccmo
1853 2076 1981 2130 quin-

183 2155 440 2209 quagesimo
467 2156 669 2208 septimo,
690 2154 739 2208 ija
768 2155 989 2196 dominica
1018 2154 1234 2195 adventus
1268 2155 1461 2206 Domini,
1482 2170 1582 2209 quae
1612 2156 1692 2197 fuit
1723 2163 1877 2209 quarta
1908 2157 1981 2197 die

184 2233 347 2293 mensis
367 2234 647 2286 Decembris3
678 2241 724 2276 et
750 2249 883 2277 causa
908 2248 999 2275 suae
1024 2233 1291 2276 confusionis
1313 2234 1396 2277 suit
1422 2237 1542 2289 quod
1569 2236 1832 2289 vituperavit
1860 2236 1979 2277 dicta

184 2321 229 2356 et
260 2314 422 2368 scripta
454 2321 705 2356 sanctorum
734 2316 964 2357 doctorum
994 2315 1220 2368 Jeronimi,
1247 2314 1486 2365 Ambrosii,
1516 2315 1766 2370 Augustini,
1794 2322 1838 2357 et
1870 2314 1980 2357 Gre-

183 2395 309 2449 gorii,
337 2400 383 2435 et
407 2393 592 2436 aliorum
622 2401 669 2437 et
693 2409 863 2450 parum,
893 2395 965 2437 vel
996 2395 1129 2436 nichil
1159 2396 1420 2448 ponderavit
1450 2397 1507 2438 de
1538 2396 1600 2437 eis
1631 2396 1711 2436 nisi
1742 2396 1978 2448 probarent

184 2474 348 2528 scripta
381 2487 461 2515 sua
494 2474 678 2524 racione,
708 2482 759 2517 ut
792 2476 887 2529 ipse
920 2475 1065 2517 Pecok
1100 2475 1217 2516 dixit
1251 2488 1372 2530 saepe
1402 2483 1447 2517 et
1481 2476 1665 2529 scripsit,
1698 2482 1743 2516 et
1772 2476 1979 2518 audiente

184 2555 367 2596 doctore
405 2551 582 2594 Thoma
620 2553 783 2596 Ebora!
823 2555 939 2597 dixit
979 2552 1174 2596 ‘Vathv
1214 2555 1271 2595 de
1316 2555 1446 2597 dictis
1491 2568 1641 2597 eorum
1679 2554 1891 2607 Jeronimi
1933 2563 1978 2597 et

184 2633 439 2688 Augustini,
461 2634 579 2674 unde
603 2633 757 2676 incidit
783 2634 828 2676 in
853 2636 1024 2677 ruinam
1054 2647 1275 2689 magnam.
1326 2635 1450 2677 Deus
1474 2649 1554 2689 pro
1578 2648 1655 2675 sua
1683 2634 1978 2677 misericordia

186 2726 302 2755 nunc
331 2712 550 2753 illuminet
583 2725 666 2753 nos
696 2720 742 2755 et
775 2727 876 2756 eum
909 2716 1055 2770 gracia
1089 2728 1181 2756 sua.
1246 2713 1399 2756 Plurae
1431 2715 1470 2756 ei
1500 2713 1774 2756 adhaerentes
1804 2721 1848 2755 et
1878 2715 1978 2757 01e0

185 2793 456 2835 adulacionis
482 2805 583 2833 eum
611 2799 825 2846 ungentes
853 2808 999 2836 coram
1031 2809 1096 2843 e0,
1123 2801 1168 2836 et
1198 2795 1242 2835 in
1273 2794 1366 2848 ejus
1395 2793 1600 2836 absencia
1628 2793 1846 2835 vocabant
1875 2808 1977 2836 eum

189 2872 432 2915 maximum
453 2871 737 2914 scientificum
759 2874 925 2915 mundi.
979 2879 990 2896 ‘
1004 2873 1171 2928 Popule
1198 2873 1348 2923 meus,’
1373 2874 1514 2927 inquit
1536 2873 1658 2914 Deus
1683 2886 1762 2926 per
1781 2873 1975 2925 Ysaiam,
