2456 3210
400 197 453 239 26
902 206 1033 241 [ορ]
1067 206 1105 241 E
1144 195 1309 240 LIBRO
1358 203 1559 238 VERJTA
1570 203 1702 239 TUM.

398 347 574 401 penitus
591 349 709 391 mala
730 349 811 392 suit
834 350 1090 393 reformacio
1113 350 1328 391 malorum
1343 362 1442 402 quae
1465 362 1523 389 ex
1541 346 1619 389 tali
1640 346 1888 402 provisione
1909 342 2207 402 sequebantur

398 428 443 468 in
477 428 562 470 isto
594 429 711 472 facto
745 431 924 473 evidens
960 431 1052 482 suit,
1089 432 1191 485 quia
1231 443 1311 483 pro
1351 442 1487 482 parvo
1529 428 1648 469 malo
1689 428 1907 479 evitando,
1949 442 2006 470 sc.
2041 428 2118 470 lite
2159 435 2208 471 et

398 508 576 550 accione
604 510 719 552 inter
746 512 854 553 istos
883 512 994 553 duos
1022 518 1263 565 praetensos
1290 509 1481 550 decanos
1502 508 1668 550 factum
1697 515 1763 550 est
1785 522 1995 562 magnum
2025 509 2208 560 malum,'

398 601 457 629 sc.
479 602 621 631 caecus
651 591 879 645 episcopus
907 592 1135 633 ordinatus
1164 596 1242 641 est,
1265 589 1339 643 qui
1368 602 1535 630 caecum
1563 587 1777 642 populum
1805 589 1938 630 ducet
1959 590 2003 630 in
2029 589 2203 631 foveam

399 667 540 722 culpae
568 675 613 711 et
640 683 797 724 poenae,
819 673 923 726 quia
951 671 1234 713 manifestum
1262 670 1345 711 fuit
1374 669 1491 722 quod
1517 681 1658 719 caecus
1685 668 1767 710 fuit
1791 669 1882 710 vita
1911 675 1955 710 et
1986 669 2029 710 in
2060 669 2207 723 ignor-'

398 748 535 800 ancia,
577 755 620 791 et
656 750 700 791 in
737 751 854 793 curia
890 751 1123 806 temporali
1157 751 1201 791 in
1242 750 1330 791 suis
1372 747 1538 791 deliciis
1573 762 1747 791 vacanS.
1817 749 1899 790 Vae
1936 750 2107 804 eis-qui
2143 750 2208 792 ita·

399 827 720 872 inconsiderate
745 832 976 874 conferunt
1006 831 1211 874 ecclesias
1242 836 1286 873 et
1313 829 1456 872 officia
1486 829 1564 871 tali
1593 829 1831 871 conferenti
1859 824 2038 884 indigne
2069 831 2205 872 eccle-

398 908 508 950 siam
531 923 607 951 seu
629 912 824 965 regimen
846 912 1023 967 populi!

515 996 558 1039 [p
590 996 684 1040 343]
745 992 862 1034 Novi
899 994 1016 1035 enim
1051 999 1190 1047 nuper
1223 992 1267 1033 in
1303 989 1472 1045 Anglia
1507 990 1709 1031 homines
1739 991 1929 1044 pessime
1964 997 2209 1045 promotos‚³

398 1070 472 1122 qui
514 1070 761 1114 habuerunt
802 1072 1029 1115 licenciam
1069 1088 1096 1115 a
1138 1087 1240 1127 rege
1282 1072 1478 1113 Henrico
1519 1077 1650 1112 sexto
1696 1076 1743 1112 ut
1785 1071 2037 1114 laborarent
2077 1085 2206 1126 papae

400 1149 607 1192 Romano
648 1166 728 1206 pro
767 1154 1026 1207 provisione,
1062 1160 1106 1195 et
1143 1153 1263 1207 quod
1297 1152 1417 1193 illam
1454 1157 1747 1205 acceptarent,
1780 1158 1825 1193 et
1861 1152 1931 1193 sic>
1954 1166 2031 1206 per
2060 1152 2207 1206 provi-

397 1230 567 1272 sionem
612 1231 773 1274 factam
818 1234 976 1275 Romae
1020 1234 1064 1275 in
1105 1234 1260 1275 diebus
1303 1233 1411 1274 meis
1454 1231 1557 1273 facti
1601 1237 1704 1273 sunt
1743 1231 1890 1285 plures
1926 1233 2119 1287 episcopi
2161 1238 2205 1274 et

397 1311 581 1353 abbates
618 1318 662 1355 et
698 1314 852 1355 decani
888 1314 982 1356 sine
1018 1314 1236 1357 eleccione
1271 1326 1540 1368 quacunque,
1574 1318 1762 1366 excepta
1802 1312 2020 1355 eleccione
2061 1326 2205 1367 papae,⁴

399 1405 498 1444 quae
529 1399 711 1435 vocatur
739 1395 942 1448 provisio.

514 1471 651 1515 Anno
683 1474 864 1516 Domini
896 1475 1108 1517 incarnati
1141 1474 1372 1517 millesimo
1401 1473 1835 1528 quadringentesimo
1864 1474 2206 1528 quadragesimo

397 1551 477 1606 vij⁰
517 1554 770 1607 praedicavit
815 1555 1062 1597 Londoniae
1107 1556 1165 1597 ad
1216 1568 1389 1597 crucem
1441 1554 1701 1596 sanctissimi
1755 1554 1878 1595 Pauli
1931 1554 2205 1608 Reginaldus

399 1632 556 1684 Pecok,
599 1634 811 1677 Wallicus
860 1637 1039 1691 origine,
1079 1642 1124 1678 et
1170 1636 1402 1690 episcopus
1441 1634 1704 1676 Assavensis
1755 1635 1798 1675 in
1839 1634 2011 1686 Wallia,
2051 1641 2206 1689 postea

400 1711 675 1756 Cicistrensis
707 1716 950 1771 episcopus,
974 1716 1048 1771 qui
1079 1730 1157 1770 per
1188 1716 1431 1758 Henricum
1463 1721 1652 1764 sextum,
1675 1728 1824 1768 regem
1855 1720 1958 1757 tunc
1983 1715 2204 1769 juvenem,

398 1792 613 1836 instancia
644 1796 832 1837 duorum
862 1797 1053 1839 virorum
1087 1797 1227 1838 factus
1263 1802 1332 1838 est
1368 1796 1532 1838 ibidem
1569 1795 1808 1849 episcopus,
1839 1796 2039 1850 quamvis
2074 1802 2207 1838 antea'

398 1873 455 1915 ab
485 1875 650 1917 eisdem
680 1876 868 1918 multum
897 1878 1044 1919 oditus
1072 1877 1153 1918 fuit
1176 1883 1220 1919 et
1241 1877 1471 1919 haereticus
1497 1882 1724 1930 reputatus
1745 1890 1771 1917 a
1793 1875 1955 1917 multis.
2019 1876 2205 1930 Scripsit

399 1954 516 1995 enim
549 1956 754 1998 continue
785 1957 910 2011 quasi
942 1971 1021 2012 per
1049 1958 1204 2011 viginti
1235 1970 1375 1999 annos
1405 1956 1515 1998 tales
1545 1956 1751 1998 materias
1787 1957 1831 1997 in
1866 1956 2014 2011 lingua
2044 1956 2206 2012 Angli-

399 2047 509 2076 cana
549 2049 607 2077 ex
643 2037 812 2090 quibus,
849 2042 897 2079 ut
933 2038 1133 2089 creditur,
1169 2038 1365 2091 pessima
1399 2037 1517 2079 mala
1555 2036 1764 2087 oriuntur,
1796 2042 1841 2078 et
1876 2037 2206 2079 occasionaliter

399 2114 620 2168 orientur;
653 2118 728 2171 qui
757 2118 913 2159 doctor
937 2117 1019 2159 suit
1046 2117 1090 2158 in
1121 2118 1300 2160 Oxonia
1327 2131 1405 2172 per
1430 2117 1623 2171 graciam
1650 2116 1899 2159 absurdam.
1960 2118 2208 2172 Nunquam

399 2195 516 2235 enim
562 2197 789 2251 respondit
828 2197 956 2239 alicui
998 2198 1165 2239 doctori
1218 2211 1298 2252 pro
1339 2197 1488 2238 -forma
1536 2211 1627 2246 sua,
1669 2202 1718 2238 ut
1763 2203 1876 2239 esset
1912 2198 2082 2251 doctor,
2124 2212 2204 2241 nec

400 2274 593 2329 aliquem
632 2282 782 2319 actum
818 2277 862 2318 in
904 2277 1032 2319 scolis
1072 2278 1174 2320 fecit
1216 2279 1259 2319 in
1301 2277 1492 2327 Oxonia,
1525 2282 1762 2331 postquam
1801 2277 1962 2333 incepit
1999 2279 2042 2320 in
2078 2278 2203 2321 theo-

400 2353 529 2409 logia.
588 2355 665 2397 An
706 2362 862 2411 postea
901 2356 1030 2399 faciet
1071 2358 1261 2400 nescitur
1303 2372 1330 2399 a
1370 2357 1508 2400 nobis.
1573 2358 1655 2399 Per
1694 2372 1847 2400 omnes
1887 2373 2025 2401 annos
2065 2374 2092 2401 a
2132 2360 2204 2401 die

402 2433 666 2490 incepcionis
697 2451 787 2478 suae
824 2438 867 2478 in
905 2437 1083 2480 Oxonia
1115 2452 1252 2492 usque
1283 2438 1339 2479 ad
1371 2438 1489 2479 diem
1523 2439 1751 2492 praesentis
1781 2440 2004 2494 scripturae
2035 2438 2202 2481 nullum

402 2521 546 2556 actum
580 2515 682 2558 fecit
711 2516 1005 2566 scolasticum,
1038 2531 1117 2559 nec
1149 2517 1348 2572 legendo,
1379 2531 1459 2559 nec
1490 2518 1782 2572 praedicando,
1814 2534 1893 2562 nec
1924 2520 2205 2575 disputand03

404 2607 483 2635 nec
515 2595 862 2639 determinando.
923 2597 1014 2638 Iste
1046 2596 1318 2651 Reginaldus
1349 2597 1580 2652 episcopus
1609 2599 1855 2653 praedictus,
1881 2600 2125 2655 praedicans
2155 2605 2205 2641 ut

404 2674 629 2725 praefertur
657 2677 713 2718 ad
739 2690 910 2718 crucem
941 2676 1091 2718 Sancti
1118 2677 1252 2728 Pauli,
1273 2677 1505 2719 affirmavit
1533 2684 1577 2719 et
1600 2681 1783 2721 asseruit
1811 2681 1963 2731 in‚suo
1989 2693 2204 2729 sermone,

405 2758 449 2792 et
479 2767 556 2806 per
585 2756 838 2798 indenturas
868 2757 911 2797 in
945 2756 1195 2810 Anglicana
1226 2757 1437 2811 scriptura
1468 2758 1650 2813 scriptas
1680 2760 1861 2802 tradidit
1896 2760 2077 2803 diversis
2106 2766 2203 2814 per—¹

2440 2503 2441 2508 Α
2444 2403 2456 2467 -Α,
2446 2339 2456 2396 μ)...
2447 2264 2456 2329 -..ι
