2456 3210
190 2643 241 2721 xl

382 192 437 232 60
881 193 1012 231 LOCI
1047 194 1086 230 E
1125 193 1289 229 LIBRO
1338 190 1680 228 VERJTATUM.

385 433 461 473 qui
501 382 677 461 anilii?
694 433 781 460 non
826 419 994 470 volunt,
1038 418 1369 473 praedicandum
1412 422 1492 458 est.
1569 415 1678 457 Ideo
1724 415 1943 457 Dominus
1981 414 2187 468 Jeremiae

386 500 607 554 praecepit,
643 500 815 541 decimo
852 500 1041 554 septimo
1076 499 1279 553 capitulo,
1313 503 1362 538 ut
1397 491 1655 551 praedicaret
1691 496 1735 537 in
1774 496 1912 550 portis
1946 495 2100 550 templi
2142 496 2189 537 in

387 580 644 633 Jerusalem,
665 587 714 622 ut
734 579 924 634 populus
955 580 1068 621 intra
1091 578 1318 621 ecclesiam
1349 578 1557 628 existens,
1579 590 1711 618 causa
1731 576 1944 618 oracionis
1966 582 2010 618 et
2031 576 2188 618 immo-

375 338 672 494 sspgyetinus.
736 337 844 380 Ideo
880 345 1094 392 oportune
1125 343 1169 379 et
1201 337 1463 391 importune,
1495 336 1521 376 i.
1537 349 1572 377 e.
1604 334 1687 376 hiis
1718 334 1791 388 qui
1827 333 1992 385 volunt,
2023 340 2067 376 et
2101 331 2187 376 hiis

389 661 580 710 lacionis,
603 661 806 702 audirent
833 661 1015 702 verbum
1045 660 1141 709 Dei,
1164 658 1365 713 quamvis
1396 657 1519 699 inviti
1550 657 1763 713 aud-irent,
1790 663 1838 699 et
1867 657 2069 711 quamvis
2100 670 2191 698 non

390 741 622 782 voluerunt
662 741 849 782 libenter
887 741 1039 782 audire
1078 740 1260 782 verbum
1303 738 1403 780 Dei.
1477 737 1592 779 Tum
1625 737 1751 781 Deus
1781 737 1991 792 praecepit
2023 736 2192 779 Sancto

389 821 608 874 jeremiae,
642 821 796 875 virgini
829 828 875 863 et
910 820 1149 875 prophetae,
1180 826 1228 861 ut
1260 819 1368 860 illud
1400 819 1462 860 eis
1493 818 1764 873 praedicaret,
1793 818 1896 872 quia
1926 818 2039 860 forte
2071 819 2192 872 quod

392 902 436 942 in
477 902 689 956 principio
725 915 812 943 non
847 901 1081 955 suscipitur
1121 906 1276 955 postea
1316 900 1505 942 libenter
1539 899 1831 953 amplexatur,
1870 906 1915 941 et
1954 899 2029 954 qui
2069 898 2193 940 audit

394 982 729 1024 excusationem
770 996 857 1023 non
897 981 1045 1033 habet,
1080 981 1199 1035 quod
1250 994 1339 1022 non
1390 981 1524 1023 novit.
1605 979 1714 1021 Ideo
1754 980 1899 1021 invitis
1939 979 2194 1034 praedicavit

395 1062 586 1104 Sanctus
615 1062 842 1115 Jeremias‚
873 1069 922 1104 ut
954 1068 1142 1104 testatur
1174 1061 1364 1104 Sanctus
1383 1060 1644 1115 jeronimus,
1676 1060 1831 1102 doctor
1860 1060 2062 1112 coelestis,
2083 1059 2195 1101 libro

394 1157 476 1184 suo
516 1142 581 1196 iij⁰
616 1156 748 1197 super
779 1142 1031 1196 Jeremiam,
1069 1146 1138 1183 ca⁰
1179 1142 1354 1183 decimo
1395 1141 1586 1196 septimo
1626 1147 1778 1182 textus
1816 1140 2059 1195 prophetae.
2134 1138 2197 1182 Et

395 1224 725 1278 praedicandum
761 1229 828 1265 est
859 1223 1043 1265 verbum
1073 1223 1160 1264 Dei
1194 1229 1239 1264 et
1275 1221 1369 1275 ejus
1400 1222 1652 1273 declaraci0‚
1684 1222 1884 1275 quamvis
1918 1222 1992 1263 alii
2025 1227 2197 1263 contra*

396 1304 545 1345 dicant
570 1309 615 1345 et
635 1303 896 1357 vituperent,
920 1310 965 1345 et
986 1303 1186 1357 quamvis
1214 1302 1366 1357 pejora
1387 1303 1536 1344 dicant
1557 1309 1602 1344 et
1621 1302 1783 1344 faciant
1803 1316 1936 1356 quarn
1958 1308 2197 1356 antequam

398 1384 485 1425 Dei
506 1384 689 1425 verbum
711 1384 954 1425 audierunt.
1017 1383 1091 1425 Sic
1115 1384 1230 1424 enim
1254 1382 1372 1425 Xtus
1399 1383 1652 1437 praedicavit
1674 1381 1865 1424 Matthei
1890 1387 1974 1435 25⁰,
1997 1383 2200 1437 quamvis

399 1464 472 1505 alii
493 1464 645 1506 audito
666 1464 800 1506 verbo
817 1478 896 1505 suo
913 1464 1197 1506 scandalizati
1215 1464 1403 1513 fuerunt,
1422 1464 1466 1505 id
1483 1470 1562 1513 est,
1581 1464 1688 1505 moti
1705 1464 1762 1504 ad
1781 1463 1944 1504 malum
1962 1463 2199 1506 dicendum

401 1551 447 1586 et
468 1544 732 1586 faciendum.
793 1544 909 1586 Item
939 1544 1128 1598 apostoli
1151 1544 1349 1586 Actuum
1372 1576 1382 1586 .
1404 1576 1413 1586 .
1436 1576 1447 1586 .
1468 1577 1476 1586 .
1498 1548 1569 1585 ca⁰
1595 1544 1715 1585 omni
1742 1543 1813 1586 die
1841 1544 2200 1598 praedicaverunt,

402 1624 602 1679 quamvis
636 1638 817 1678 poenam
848 1625 910 1667 eis
943 1625 1174 1666 imminere
1203 1624 1500 1678 providerunt,
1526 1623 1628 1677 quia
1657 1623 1809 1678 pocius
1839 1624 2050 1666 debemus
2077 1639 2204 1667 scan-

403 1705 554 1747 dalum
597 1705 865 1759 permittere,
904 1705 929 1747 i.
944 1720 981 1748 e.
1022 1705 1297 1747 occasionem
1343 1703 1448 1746 mali
1487 1703 1601 1753 oriri,
1641 1717 1775 1757 quam
1812 1705 2044 1747 veritatem
2085 1706 2200 1755 vitae,

403 1786 628 1837 doctrinae,
667 1800 744 1828 seu
786 1786 985 1840 justiciae‚
1020 1786 1279 1840 relinquere,
1313 1791 1431 1827 teste
1469 1791 1622 1826 sancto
1660 1797 1778 1839 papa
1817 1784 2031 1840 Gregorio
2072 1800 2204 1841 super

407 1865 700 1908 Ezechielem.
768 1865 937 1908 Cristus
968 1867 1084 1908 enim
1115 1866 1254 1908 voluit
1284 1866 1430 1920 potius
1460 1864 1599 1906 occidi
1629 1878 1761 1919 quam
1791 1867 2022 1908 veritatem
2053 1881 2202 1910 neces-

407 1946 566 1988 sariam
603 1952 760 1997 tacere,
795 1946 867 1988 vel
903 1947 1118 1996 omittere,
1152 1947 1226 1989 vel
1266 1953 1449 2001 peccata
1483 1945 1634 2000 populi
1669 1959 1755 1987 non
1791 1947 2121 2001 reprehendere,
2155 1955 2204 1990 ut

409 2026 605 2069 ostendit
650 2027 805 2068 doctor
849 2027 1021 2069 divinus
1066 2027 1116 2068 1i0
1156 2027 1222 2081 iij⁰
1264 2027 1607 2074 Sentenciarum‚
1654 2027 1939 2071 distinccione
1982 2029 2204 2072 vicesima.

411 2106 697 2156 ‘Annuncia‚'
723 2107 864 2161 inquit
888 2107 1118 2159 Dominus,
1139 2111 1148 2129 ‘
1164 2108 1331 2163 populo
1351 2121 1452 2149 meo
1481 2106 1646 2149 scelera
1676 2108 1852 2157 eorum‚’
1882 2110 1907 2151 i.
1921 2124 1959 2151 e.
1988 2111 2206 2152 annuncia

413 2189 475 2230 eis
499 2201 577 2242 per
601 2188 850 2230 evidencias
878 2194 923 2230 et
950 2200 1029 2240 per
1056 2189 1251 2230 raciones
1281 2188 1399 2242 quod
1426 2194 1549 2229 actus
1573 2201 1723 2229 eorum
1743 2195 1844 2231 sunt
1865 2190 1968 2231 mali
1990 2198 2034 2233 et
2054 2198 2206 2233 contra

415 2268 500 2310 Dei
534 2268 776 2322 imperium,
798 2274 843 2309 et
872 2268 1058 2309 ostende
1077 2282 1177 2322 quae
1207 2268 1490 2310 includuntur
1516 2267 1559 2308 in
1589 2268 1780 2322 peccatis
1808 2283 1971 2322 eorum,
1991 2277 2036 2313 et
2065 2271 2206 2326 gravi-

412 2355 551 2390 tatem
580 2348 760 2402 peccati,
783 2347 970 2389 ostende
991 2361 1090 2401 quae
1111 2354 1318 2390 secuntur
1338 2362 1396 2389 ex
1423 2354 1605 2401 peccato
1627 2348 1670 2389 in
1695 2348 1777 2391 hac
1798 2351 1898 2401 vita,
1921 2357 1965 2393 et
1985 2352 2028 2393 in
2050 2351 2206 2404 sutura,

413 2429 526 2470 sicut
549 2428 739 2471 Sanctus
760 2426 1040 2482 Augustinus
1062 2429 1257 2470 ostendit
1278 2428 1322 2469 in
1344 2427 1638 2469 Encheridion
1662 2429 1787 2482 plura
1810 2438 1990 2484 peccata
2010 2432 2141 2473 fuisse
2161 2433 2206 2473 in

413 2515 597 2561 peccato
617 2508 736 2550 Adae
756 2521 766 2559 ;
797 2507 974 2556 scilicet,
996 2508 1259 2561 superbiam,
1282 2509 1383 2561 quia
1404 2507 1490 2548 Dei
1521 2508 1703 2562 imperio
1728 2524 1815 2551 non
1836 2511 2057 2564 obedivit;
2088 2512 2206 2563 item,

416 2633 549 2709 etquim
571 2637 693 2722 agap
712 2667 945 2718 acenciam,
960 2667 1034 2721 qui
1056 2668 1183 2708 uxori
1203 2681 1293 2708 suae
1312 2667 1418 2708 Evae
1440 2667 1667 2721 displicere
1688 2684 1775 2711 non
1796 2671 1944 2724 voluit,
1956 2672 2034 2714 sed
2056 2678 2208 2715 contra

413 2588 580 2756 gula?
599 2588 701 2642 quia
731 2588 788 2630 de
816 2587 935 2641 ligno
959 2588 1098 2629 vetito
1129 2588 1351 2638 comedit3
1381 2588 1501 2636 item,
1527 2588 1685 2630 salsum
1716 2590 1924 2644 favorem,
1944 2606 2022 2634 seu
2051 2592 2206 2634 falsam

417 2746 501 2788 Dei
535 2749 792 2790 mandatum
820 2747 859 2790 ei
888 2746 1051 2802 placuit
1080 2747 1363 2799 comedendo,
1395 2753 1443 2789 ut
1476 2747 1570 2790 Eva
1595 2752 1816 2805 praecepit.
1878 2751 1952 2794 Sic
1978 2766 2097 2807 saepe
2128 2766 2208 2794 nos
