2456 3210
439 262 521 306 206
947 267 1077 305 LOCI
1111 269 1151 305 E
1188 268 1355 307 LIBRO
1402 270 1744 311 VERITATUM.

438 425 670 463 armorum,
694 411 896 454 Powntes
916 413 1103 455 nomine.
1165 413 1226 456 Et
1246 414 1341 456 haec
1364 414 1527 468 juravit
1555 429 1651 458 esse
1674 430 1778 458 vera
1803 431 1882 472 per
1912 418 2058 460 Deum
2087 424 2131 460 et
2159 432 2238 474 per

419 507 561 535 *arma
590 493 703 548 regis
731 493 938 543 Franciae,
969 493 1082 536 inter
1109 494 1258 536 villam
1293 496 1349 537 de
1379 495 1519 548 Rone,
1550 503 1655 539 tunc
1687 497 1906 552 perditam
1938 498 1995 540 ab
2023 498 2237 554 Anglicis‚

439 581 484 616 et
513 574 663 616 villam
693 579 896 615 vocatam
928 574 1088 628 Banys,
1119 582 1163 617 et
1193 576 1254 617 sic
1286 576 1403 617 idem
1435 589 1516 618 rex
1548 576 1743 619 Franciae
1773 578 1940 621 habuit.
2001 578 2102 621 Cito
2134 585 2236 634 post

437 655 522 697 hoc
542 655 697 696 habuit
716 653 983 695 Vasconiam
1005 661 1049 696 et
1070 655 1219 709 Kyan,
1242 663 1479 710 postquam
1502 671 1582 699 rex
1602 657 1794 713 Angliae,
1817 659 2034 702 Henricus
2057 659 2236 712 Sextus,
2250 640 2259 645 -

436 736 518 778 fuit
548 742 711 790 nuptus
737 735 999 789 Margaretae
1029 735 1130 777 filiae
1161 738 1284 778 ducis
1309 737 1562 792 Lotringiae,
1590 739 1665 793 qui
1697 740 1770 781 diu
1801 746 1908 782 ante
1934 740 2030 782 illas
2061 741 2235 795 nuptias

435 818 517 858 fuit
547 817 742 871 privatus
775 821 820 857 et
850 816 1060 870 expulsus
1091 831 1117 858 a
1147 830 1283 872 regno
1309 817 1484 860 Ceciliae
1514 833 1593 873 per
1624 820 1790 861 malum
1821 834 1968 875 regem
1994 821 2234 876 Aragoniae

434 897 686 947 Alfonsum,
709 896 783 951 qui
813 897 999 951 turpiter
1026 897 1184 939 invasit
1213 906 1258 940 et
1287 899 1402 940 male
1431 899 1658 941 ecclesiam
1686 901 1948 942 sanctissimi
1977 901 2101 943 Pauli
2127 915 2235 956 apo-

434 979 535 1021 stoli
565 979 734 1030 Romae,
756 984 800 1020 et
830 977 934 1020 fecit
966 991 1064 1020 earn
1086 993 1180 1021 esse
1207 979 1432 1021 stabulum
1459 994 1671 1034 equorum
1698 994 1888 1033 suorum,
1910 987 1954 1024 et
1981 981 2096 1024 laesit
2123 982 2234 1024 mul-

433 1066 528 1101 tum
560 1060 818 1114 columpnas
846 1059 962 1100 illius
989 1060 1183 1101 ecclesiae
1212 1073 1291 1114 pro
1315 1062 1418 1103 odio
1448 1074 1581 1115 quem
1603 1058 1698 1117 (sic)
1718 1061 1873 1104 habuit
1900 1069 2005 1105 tunc
2030 1062 2233 1116 Eugenio

432 1140 527 1194 iiijt0
562 1154 691 1195 papae
725 1140 942 1191 Romano,
978 1141 1080 1194 quia
1113 1155 1230 1195 papa
1267 1154 1355 1182 non
1384 1138 1539 1183 voluit.
1558 1142 1663 1183 dare
1695 1142 1777 1183 sibi
1811 1149 1983 1196 partem
2013 1143 2071 1185 de
2098 1143 2234 1198 patri-

432 1222 580 1263 monio
613 1220 808 1263 ecclesiae
848 1221 892 1261 in
927 1219 1198 1275 Campania3
1236 1227 1280 1263 et
1313 1221 1389 1263 illo
1430 1228 1641 1276 tempore,
1672 1223 1716 1263 in
1752 1223 1933 1264 ecclesia
1967 1223 2043 1265 illa
2078 1223 2231 1266 Sancti

432 1301 567 1352 Pauli,
604 1316 715 1343 unus
752 1300 992 1343 Catelanus
1026 1303 1215 1344 cucurrit
1250 1302 1308 1343 ad
1343 1303 1597 1357 ymaginem
1634 1302 1786 1345 Sancti
1818 1301 1940 1345 Pauli
1981 1304 2042 1346 ibi
2082 1305 2126 1345 in
2156 1304 2232 1346 illa

429 1382 624 1432 ecclesia,
659 1388 704 1424 et
739 1383 867 1434 dixit,
900 1382 1000 1423 ‘Ad
1034 1382 1140 1436 quid
1171 1389 1321 1436 portas
1351 1389 1399 1424 tu
1430 1383 1658 1436 gladium?
1700 1396 1783 1437 ego
1813 1383 1914 1425 volo
1944 1384 2107 1426 habere
2136 1385 2231 1439 gla-

429 1464 552 1504 dium
584 1469 710 1505 tuum
728 1461 751 1515 ;'
785 1470 829 1505 et
864 1463 1108 1505 conabatur
1142 1463 1311 1504 auferre
1344 1477 1372 1504 a
1404 1477 1537 1504 manu
1567 1463 1786 1517 ymaginis
1818 1462 1970 1506 Sancti
2005 1465 2140 1517 Pauli,
2171 1471 2227 1515 et,

430 1543 530 1584 Deo
563 1550 667 1585 tunc
708 1549 918 1598 operante
954 1544 998 1584 in
1032 1544 1253 1598 ymagine,
1290 1557 1390 1585 cum
1421 1543 1571 1598 gladio
1602 1543 1676 1584 illo
1707 1544 1921 1598 percussit
1950 1551 2083 1598 caput
2114 1545 2228 1599 ejus-

429 1624 532 1664 dem
578 1625 722 1665 miseri
765 1623 966 1665 Catelani
1009 1630 1053 1665 et
1093 1624 1240 1665 divisit
1280 1631 1413 1678 caput
1454 1624 1547 1678 ejus
1591 1624 1635 1665 in
1676 1624 1821 1666 medio
1856 1624 1901 1665 in
1932 1625 2043 1666 duas
2082 1631 2228 1679 partes

428 1717 567 1758 usque
597 1704 655 1745 ad
684 1711 883 1746 mentum
912 1704 1015 1758 ejus,
1043 1711 1087 1746 et
1117 1711 1315 1746 mortuus
1342 1704 1403 1746 ibi
1427 1704 1534 1755 fuit3
1572 1711 1616 1746 et
1646 1704 1722 1758 qui
1753 1704 1849 1746 haec
1880 1704 2002 1746 novit
2029 1711 2074 1746 et
2102 1705 2225 1755 vidit,

428 1785 471 1824 in
504 1790 706 1837 tempore
742 1784 931 1838 Eugenii
965 1783 1052 1838 iiijti
1093 1798 1221 1838 papae
1260 1785 1430 1836 Romae,
1466 1785 1561 1826 haec
1598 1784 1728 1826 michi
1769 1784 1895 1836 dixit,
1932 1799 1990 1827 sc.
2025 1785 2226 1827 bedellus

427 1865 563 1918 ipsius
603 1878 744 1918 papae,
784 1865 988 1905 dominus
1030 1865 1241 1906 Erasmus
1282 1865 1441 1914 Fullar,
1478 1866 1535 1906 de
1574 1878 1709 1919 regno
1743 1865 1953 1918 Ungariae
1992 1867 2262 1918 sacerdosp

426 1959 505 1999 pro
539 1959 627 1999 quo
661 1945 870 1986 miraculo
902 1945 1049 1986 divino
1083 1945 1210 1987 multi
1243 1946 1434 1987 Romani
1465 1946 1679 1988 dederunt
1709 1945 1864 1988 laudes
1895 1947 1994 1988 Deo
2025 1954 2070 1988 et
2100 1961 2225 1989 sanc-

425 2027 595 2068 tissimo
628 2025 775 2077 Paulo,
808 2025 892 2067 Dei
923 2026 1136 2079 apostolo.

540 2107 677 2149 Anno
718 2106 899 2148 Domini
944 2105 1065 2159 1456,
1107 2107 1282 2149 intravit
1327 2107 1531 2161 pessimae
1572 2107 1794 2148 memoriae
1839 2108 2076 2162 imperator
2111 2108 2222 2151 Tur-

425 2202 588 2240 corum,
627 2186 908 2229 Waldewach
953 2187 1141 2239 nomine,
1182 2188 1226 2228 in
1274 2201 1456 2242 regnum
1500 2187 1709 2242 Ungariae
1752 2201 1831 2242 per
1879 2203 2000 2231 mare
2054 2196 2100 2232 et
2145 2203 2224 2244 per

426 2269 682 2312 Danubium
722 2280 823 2310 cum
864 2274 1040 2309 centum
1082 2268 1257 2310 milibus
1292 2268 1534 2310 Turcorum
1574 2282 1847 2322 paganorum
1889 2277 1933 2312 et
1973 2270 2220 2324 sexaginta,

424 2358 470 2393 et
505 2351 550 2392 in
583 2351 698 2392 festo
740 2348 918 2391 Sanctae
951 2348 1106 2390 Mariae
1140 2349 1423 2403 Magdalenae
1463 2349 1754 2402 quadraginta
1795 2351 1915 2392 milia
1954 2350 2220 2393 Xtianorum

424 2434 480 2474 de
506 2431 705 2486 Ungaria
734 2430 987 2472 occiderunt
1018 2429 1076 2470 ibi
1107 2429 1151 2470 in
1183 2429 1381 2484 Ungaria
1408 2434 1583 2471 centum
1617 2430 1738 2472 milia
1769 2431 1942 2473 illorum
1963 2431 2218 2482 Turcorum,

423 2519 468 2555 et
508 2512 828 2568 quinquaginta
869 2511 988 2552 milia
1028 2511 1280 2563 eorundem,
1318 2510 1466 2563 fugam
1507 2511 1708 2563 capiente
1752 2511 2014 2566 imperatore
2053 2512 2219 2556 Turco-

423 2608 519 2635 rum
565 2607 666 2636 cum
714 2591 978 2635 verecundia
1027 2591 1071 2632 in
1118 2592 1307 2645 patriam
1347 2603 1502 2641 suam;
1550 2591 1768 2646 occisique
1813 2593 1987 2636 fuerunt
2033 2595 2090 2636 de
2132 2594 2218 2636 illis

423 2674 611 2724 XtianiS‚
654 2675 699 2716 in
743 2673 818 2714 illo
859 2671 946 2713 Dei
985 2670 1101 2712 bello
1141 2685 1218 2713 seu
1258 2671 1453 2719 victoria,
1494 2672 1737 2713 octodecim
1778 2673 1899 2716 milia
1938 2674 2129 2716 virorum
2172 2675 2217 2716 in

423 2769 558 2809 regno
584 2753 807 2808 Ungariae.
868 2751 1132 2794 Clamabant
1162 2750 1316 2793 Xtiani
1346 2750 1419 2802 illi,
1450 2764 1529 2804 per
1558 2751 1817 2795 instanciam
1848 2754 1995 2796 devoti
2026 2755 2217 2797 doctoris

424 2836 617 2889 magistri
658 2834 873 2888 Johannis
913 2833 970 2875 de
1011 2831 1286 2886 Capistrano,
1325 2831 1488 2873 ordinis
1530 2831 1679 2875 Sancti
1717 2833 1936 2876 Francisci
1976 2835 2031 2876 de
2070 2834 2215 2876 obser-
