2456 3210
434 275 516 305 222
934 268 1067 304 LOCI
1102 268 1141 302 E
1179 268 1344 303 LIBRO
1393 268 1737 305 VERJTATUM.

549 417 591 461 [p
621 417 714 459 611.]
764 415 1056 453 Residjvatio.
1108 410 1183 452 Sic
1215 416 1406 452 meretur
1436 411 1627 452 indurari
1655 425 1682 453 a
1704 411 1815 461 Deo,
1844 412 1871 454 i.
1888 426 1925 453 e.
1947 425 2035 453 non
2065 410 2240 454 liberari

434 506 512 545 per
552 492 700 534 Deum
742 507 768 533 a
810 491 938 533 malis
978 491 1121 545 culpae
1163 496 1206 532 et
1246 504 1405 545 poenae,
1449 491 1493 532 in
1535 505 1635 546 quae
1676 506 1754 547 per
1794 498 2026 546 peccatum
2071 491 2239 543 cecidit,

434 573 554 626 quod
588 586 675 614 non
712 572 854 613 solum
891 571 1065 613 racione
1099 578 1144 614 et
1180 572 1394 625 scriptura
1425 578 1561 625 patet,
1594 573 1672 614 sed
1714 572 1853 614 eciam
1894 586 2032 626 nuper
2067 571 2241 626 experi-

435 653 557 694 encia
594 653 709 694 illius
745 653 999 703 sacerdotis,
1036 651 1111 706 qui
1148 651 1231 693 fuit
1263 658 1406 694 rector
1439 653 1618 694 nomine
1654 653 1840 694 duarum
1875 651 2166 704 ecclesiarum,
2195 657 2241 694 et

434 735 674 787 graduatus
705 734 747 775 in
771 732 882 787 jure,
906 734 980 787 qui
1006 733 1148 788 primo
1175 733 1317 775 tenuit
1345 733 1480 787 longo
1507 739 1709 788 tempore
1741 734 1968 776 mulierem
1993 734 2037 775 in
2059 738 2241 788 peccato

435 815 588 863 carnis,
627 821 671 856 et
703 820 859 869 postea
896 828 993 855 eam
1024 814 1128 856 fecit
1164 814 1328 855 nubere
1360 813 1525 855 famulo
1561 814 1759 868 ejusdem
1793 815 1982 865 rectoris,
2011 820 2055 856 et
2086 819 2242 868 postea

435 895 511 936 lite
552 903 720 946 exorta,
757 894 973 936 conduxit
1013 901 1102 936 tres
1142 899 1386 948 praetensos
1427 894 1618 936 scolares
1655 901 1704 936 ut
1739 895 1944 936 maritum
1979 894 2240 943 occiderent,

436 975 509 1029 qui
545 976 690 1029 ipsum
727 976 934 1018 maritum
975 975 1243 1027 occiderunt,
1277 976 1458 1017 vidente
1499 981 1667 1017 rectore
1708 976 1866 1017 eodem
1901 981 1946 1017 et
1987 975 2158 1016 ridente
2197 974 2242 1015 in

434 1062 635 1110 tempore
675 1056 916 1107 occisionis,
947 1056 1022 1110 qui
1053 1056 1177 1097 dedit
1219 1054 1268 1096 xl
1300 1055 1344 1096 li.
1381 1055 1455 1096 uni
1493 1055 1713 1110 episcopo,
1752 1062 1797 1097 et
1828 1070 1895 1097 xx
1924 1055 1967 1098 li.
1999 1055 2164 1104 abbati,
2197 1060 2242 1096 et

436 1137 483 1177 xl
516 1136 557 1178 li.
588 1137 662 1178 uni
695 1136 835 1185 militi,
868 1144 916 1178 ut
946 1143 1151 1191 rogarent
1182 1150 1330 1191 regem
1361 1150 1442 1190 pro
1473 1136 1799 1190 perdonacione
1831 1136 2045 1190 ejusdem.

553 1223 602 1266 [p.
631 1223 723 1265 612.]
787 1221 974 1267 Religio.
1046 1216 1137 1259 Sed
1179 1216 1420 1258 dolendum
1462 1216 1592 1258 valde
1633 1222 1699 1257 est
1741 1218 1859 1270 quod
1905 1217 1999 1270 jam
2051 1215 2242 1270 religiosi

436 1299 581 1351 plures
621 1298 665 1339 in
699 1297 855 1339 habitu
897 1311 977 1339 nec
1017 1298 1183 1339 faciunt
1225 1312 1325 1351 quae
1361 1297 1539 1347 debent,
1577 1310 1656 1339 nec
1692 1303 1895 1351 quaerunt
1930 1312 1957 1338 a
1992 1297 2242 1339 scientificis

435 1379 537 1419 viris
566 1386 610 1420 et
641 1379 845 1420 virtuosis
878 1378 953 1419 illa
987 1392 1086 1432 quae
1118 1384 1433 1432 cognoscerent
1463 1385 1507 1420 et
1538 1391 1638 1432 quae
1668 1377 1874 1429 facerent,
1903 1379 1981 1419 sed
2014 1392 2041 1419 a
2077 1376 2243 1431 legistis

437 1459 558 1512 regni
596 1466 640 1501 et
675 1459 732 1500 ab
769 1459 853 1500 illis
889 1459 964 1512 qui
996 1459 1273 1513 publicorum
1312 1465 1415 1500 sunt
1449 1459 1609 1500 tiranni
1645 1464 1690 1500 et
1725 1459 1975 1500 defensores
2011 1458 2240 1507 malorum,

437 1545 593 1592 petunt
623 1554 742 1594 saepe
774 1540 954 1581 consilia
985 1541 1220 1591 mundana,
1252 1546 1296 1581 et
1328 1540 1390 1581 eis
1421 1541 1530 1581 dant
1563 1538 1702 1581 multa
1729 1524 1847 1580 bona
1873 1545 2058 1589 terrena,
2088 1545 2134 1580 et
2165 1551 2242 1580 eos

438 1620 662 1661 offendere
702 1621 873 1670 timent,
917 1634 996 1662 nec
1038 1622 1197 1662 timent
1238 1634 1313 1661 eos
1355 1634 1434 1661 nec
1476 1620 1623 1662 ditant
1663 1620 1916 1661 muneribus
1949 1633 2059 1673 quos
2098 1619 2242 1660 sciunt

438 1700 481 1740 in
514 1700 699 1741 sciencia
730 1707 773 1741 et
798 1701 841 1741 in
869 1701 985 1742 bona
1010 1701 1101 1742 vita
1129 1701 1276 1755 plures
1301 1701 1410 1742 alios
1442 1701 1672 1751 excellere,
1694 1700 1772 1741 sed
1803 1701 1921 1754 ipsos
1951 1713 2063 1753 quos
2088 1700 2242 1740 vident

438 1780 683 1834 temporale
723 1781 1002 1834 dispendium
1038 1796 1114 1823 eos
1157 1781 1325 1822 inferre.
1388 1781 1449 1822 Et
1484 1782 1593 1822 dant
1637 1781 1826 1822 dominis
1869 1780 2100 1821 mundanis
2140 1793 2242 1820 suas

438 1866 575 1901 terras
606 1868 650 1902 et
680 1862 978 1914 possessiones
1008 1867 1215 1910 terrenas,
1248 1862 1376 1903 datas
1405 1862 1466 1902 eis
1498 1862 1541 1902 in
1574 1860 1935 1902 monasteriorum
1967 1859 2240 1909 fundacione,

439 1948 487 1983 ut
518 1941 600 1994 ipsi
631 1941 798 1981 domini
828 1942 986 1982 terreni
1019 1942 1228 1995 expensis
1260 1942 1500 1983 eorundem
1533 1941 1812 1982 dominorum
1842 1940 2006 1982 faciant
2027 1939 2241 1987 ,ecclesias

439 2021 710 2076 parochiales
747 2021 893 2074 magni
926 2021 1085 2063 valoris
1120 2022 1288 2064 eisdem
1322 2022 1547 2076 religiosis,
1578 2021 1758 2063 licencia
1793 2035 1920 2075 papae
1954 2027 1998 2062 et
2038 2021 2163 2075 regis,
2196 2020 2239 2061 in

439 2108 700 2156 perpetuum
741 2102 1042 2155 appropriari3
1087 2108 1131 2144 et
1175 2103 1237 2144 sic
1279 2117 1380 2144 cura
1420 2103 1664 2143 animarum
1705 2101 1828 2155 perit,
1869 2108 1914 2143 et
1953 2100 2241 2156 hospitalitas,

441 2190 485 2225 et
519 2184 684 2224 bonum
718 2183 912 2236 regimen
945 2182 988 2223 in
1017 2184 1246 2236 parochiis,
1278 2191 1322 2225 et
1354 2182 1575 2224 exhibicio
1602 2181 1814 2235 juvenum
1848 2182 1904 2222 ad
1936 2181 2077 2223 scolas
2108 2187 2153 2223 et
2183 2181 2240 2223 ad

440 2264 756 2305 universitates.
817 2263 877 2303 Et
914 2263 1052 2304 eciam
1087 2278 1165 2317 per
1197 2264 1286 2306 tale
1320 2264 1514 2305 medium
1546 2263 1655 2304 dant
1686 2276 1765 2303 sua
1796 2261 2069 2316 temporalia,
2103 2262 2165 2303 eis
2196 2262 2240 2302 in

440 2344 702 2386 fundacione
734 2343 908 2391 collata,
944 2357 1022 2397 pro
1060 2344 1261 2396 ecclesiis,
1295 2358 1353 2385 ex
1390 2357 1477 2397 qua
1517 2343 1756 2384 collacione
1796 2348 2039 2397 sequuntur
2079 2355 2241 2397 magna

442 2432 486 2466 et
526 2425 651 2479 plura
693 2424 810 2466 mala
849 2424 1125 2479 parochianis
1166 2425 1362 2467 ecclesiae
1402 2423 1710 2479 appropriatae.
1772 2424 1989 2478 Magnum
2025 2424 2141 2465 enim
2175 2436 2241 2464 re-

443 2507 636 2547 medium
679 2511 830 2547 contra
870 2506 1277 2559 appropriacionem
1319 2505 1597 2548 ecclesiarum
1645 2511 1761 2547 esset
1804 2505 1923 2559 quod
1966 2516 2242 2558 unaquaeque

443 2587 626 2628 ecclesia
662 2587 809 2641 magni
841 2585 999 2628 valoris
1032 2593 1146 2628 esset
1187 2587 1370 2628 ecclesia
1406 2584 1651 2638 collegiata,
1683 2587 1743 2627 ita
1780 2592 1829 2628 ut
1869 2591 2001 2628 certae
2041 2597 2240 2639 personae

443 2673 487 2707 et
526 2667 631 2707 boni
677 2666 819 2708 clerici
859 2666 917 2708 ibi
958 2666 1255 2717 fundarentur,
1302 2674 1347 2709 et
1391 2665 1643 2717 residerent,
1685 2674 1729 2708 et
1774 2668 1830 2709 de
1870 2667 1997 2708 bonis
2042 2665 2239 2720 ejusdem

444 2746 637 2787 ecclesiae
672 2748 880 2795 viverent,
916 2754 960 2788 et
1000 2760 1111 2787 unus
1148 2761 1294 2788 eorum
1333 2760 1480 2788 curam
1523 2748 1735 2800 reciperet
1771 2747 2014 2801 parochiae3
2057 2753 2101 2787 et
2136 2752 2241 2787 tunc

445 2827 559 2866 bona
601 2827 794 2868 ecclesiae
837 2827 1191 2881 expenderentur
1232 2826 1340 2867 infra
1384 2825 1648 2879 parochiam,
1690 2833 1733 2868 et
1781 2827 1918 2869 eciam
1959 2826 2156 2868 doctrina
2197 2830 2240 2866 et
