2456 3210
624 265 754 301 [σε]
789 265 828 299 E
867 250 1032 300 LJB'RO
1079 263 1280 299 VERJTA
1290 262 1424 298 TUM.
1870 263 1923 301 41

129 404 280 446 dotem
313 405 356 447 in
387 419 534 448 curam
565 408 824 458 animarum,
844 407 1021 450 ‘Trado
1048 407 1128 449 tibi
1159 420 1307 448 curam
1327 406 1584 452 animarum,
1606 402 1718 444 sicut
1749 412 1928 454 respon-

127 484 254 526 debis
287 499 368 540 pro
400 488 462 528 eis
503 494 549 529 et
582 502 662 542 pro
697 501 770 529 me
802 501 950 529 coram
984 485 1108 530 Deo?
1168 484 1385 530 Sacerdos
1416 485 1635 527 admissus
1675 483 1731 524 ad
1777 492 1928 522 curam

127 564 371 607 animarum
402 567 683 621 respondebit
718 582 798 622 pro
833 568 918 610 illis
951 583 1022 619 an,
1051 581 1110 610 sc.
1150 568 1254 609 fecit
1284 581 1384 621 quae
1411 579 1526 608 curae
1561 578 1652 606 suae
1685 560 1852 611 debuit,
1883 564 1928 600 et

129 647 412 699 respondebit
432 661 512 701 pro
538 647 742 702 episcopo
772 662 840 699 an,
861 662 919 690 sc.
950 648 1055 690 se'cit
1081 648 1126 689 in
1153 661 1256 690 cura
1283 661 1384 701 quae
1412 647 1644 701 episcopus
1671 647 1759 684 no'n
1783 639 1929 695 potuit

127 724 272 767 facere
301 740 381 780 per
408 728 598 783 seipsum
627 742 706 782 per
733 729 1001 770 cotidianam
1029 741 1191 778 curam,
1223 735 1267 770 et
1298 726 1581 782 respondebit
1611 738 1691 779 pro
1721 722 1928 777 episcopo

127 818 186 846 an
224 805 327 848 fecit
365 815 466 861 quae
505 808 736 862 episcopus
774 809 812 850 ei
855 815 971 851 recte
1010 809 1220 863 praecepit
1263 815 1476 862 tanquam
1511 802 1784 860 cooperatori
1828 814 1927 843 cum

129 884 347 940 episcopo.
407 887 654 943 Episcopus
683 896 846 940 tamen,
872 889 1238 943 superintendens
1269 902 1383 931 curae
1414 887 1556 930 tocius
1585 899 1677 927 suae
1708 881 1927 938 parochiae

128 976 206 1006 seu
237 952 422 1010 diocesis
451 982 555 1018 suae,
582 970 863 1024 respondebit
894 983 1041 1012 coram
1073 970 1172 1011 Deo
1201 983 1282 1024 pro
1312 982 1360 1011 se
1386 975 1431 1010 et
1460 982 1540 1023 pro
1568 966 1731 1008 diocesi
1763 977 1854 1014 sua,
1883 968 1928 1004 et

128 1046 232 1100 quia
255 1053 433 1090 aetatem
463 1049 599 1092 habet
627 1052 911 1105 respondebit
941 1064 1021 1104 pro
1051 1065 1099 1093 se
1128 1058 1174 1093 et
1204 1064 1285 1105 pro
1314 1056 1440 1105 parte
1468 1063 1546 1091 sua
1575 1054 1620 1090 et
1647 1060 1728 1101 pro
1757 1044 1929 1086 actibus

127 1136 325 1180 personae
345 1138 438 1170 suae
457 1131 789 1184 pertinentibus.
836 1131 1017 1186 Ungere
1037 1132 1153 1172 enim
1173 1145 1335 1185 pueros
1356 1138 1401 1173 et
1421 1129 1692 1180 confirmare,
1711 1132 1755 1168 et
1771 1125 1928 1174 dicere,

127 1206 361 1250 ‘Admitto
383 1210 519 1252 talem
539 1212 679 1253 virum
711 1212 755 1253 in
786 1226 933 1254 curam
955 1210 1225 1263 animarum:
1245 1219 1312 1255 est
1339 1226 1451 1266 opus
1470 1211 1597 1253 facile
1617 1222 1698 1250 nec
1719 1219 1927 1261 magnam

127 1289 305 1342 requirit
325 1291 531 1333 noticiam
562 1306 643 1335 nec
673 1293 919 1344 scienciam,
940 1294 1018 1334 sed
1049 1306 1184 1347 opera
1205 1307 1307 1334 vera
1337 1293 1530 1347 episcopi
1559 1303 1766 1344 magnam
1788 1286 1928 1329 scien-

127 1369 240 1410 ciam
285 1377 330 1412 et
372 1372 509 1414 vitam
551 1380 749 1415 sanctam
796 1375 992 1429 exigunt,
1039 1374 1250 1416 veraciter
1292 1374 1409 1415 enim
1452 1373 1597 1415 dicere
1643 1370 1750 1413 talia
1793 1367 1927 1409 verba

128 1451 310 1504 requirit
338 1453 529 1507 graciam
561 1460 606 1496 et
635 1454 881 1496 scienciam.

242 1537 291 1582 [p.
313 1538 411 1581 404·]
451 1533 585 1576 Anno
607 1534 787 1576 Domini
813 1539 943 1587 1449o
959 1535 1213 1589 praedicavit
1234 1535 1509 1590 Reginaldus
1530 1533 1676 1576 Pecok
1696 1532 1928 1587 episcopus

125 1610 400 1665 Assavensis,
429 1620 474 1656 et
504 1622 670 1669 postea,
701 1629 781 1670 per
810 1617 957 1658 media
978 1615 1186 1658 willelmi
1219 1616 1325 1658 Pule
1360 1617 1484 1659 ducis
1516 1613 1785 1663 Suthfolciae,
1814 1611 1928 1665 epis-

126 1704 263 1747 copus
284 1693 576 1744 Cisestrensis
599 1697 853 1751 praedicavit
875 1695 969 1752 (sic)
992 1696 1249 1747 Londoniae,
1270 1698 1392 1752 quod
1420 1697 1626 1752 episcopi,
1645 1696 1691 1737 in
1711 1700 1927 1748 quantum

126 1773 333 1828 episcopi,
365 1789 452 1816 non
493 1782 697 1819 tenentur
729 1778 976 1831 praedicare‚
1011 1784 1056 1819 et
1096 1778 1194 1820 aliis
1233 1779 1450 1833 episcopis
1489 1779 1533 1820 in
1566 1778 1650 1820 hoc
1685 1774 1929 1830 saepissime

128 1851 374 1896 faventibus
405 1862 450 1897 et
479 1856 724 1899 dicentibus
752 1858 1014 1912 pompatice,
1042 1860 1053 1878 ‘
1070 1858 1162 1901 Iste
1188 1859 1410 1901 excellens
1429 1858 1610 1901 clericus
1630 1864 1676 1899 et
1696 1856 1928 1911 episcopus

126 1932 334 1976 defendet
356 1948 490 1989 opera
509 1950 609 1990 quae
637 1951 718 1978 nos
746 1938 939 1991 episcopi
967 1938 1150 1980 facimus
1165 1956 1177 1991 ;
1193 1937 1203 1954 '
1233 1953 1342 1981 mox
1371 1939 1416 1981 in
1446 1939 1598 1981 odium
1631 1937 1773 1979 tocius
1804 1932 1927 1988 regni

128 2013 307 2055 deducti
335 2022 437 2057 sunt
469 2016 674 2071 episcopi,
703 2018 909 2059 omnibus
944 2017 1033 2059 sere
1067 2019 1256 2061 statibus
1290 2026 1335 2062 et
1373 2019 1570 2075 personis
1604 2015 1925 2060 clamantibus:

129 2090 235 2133 ‘Vae
261 2092 498 2149 episcopis!
528 2097 604 2150 qui
626 2097 834 2147 ditantur,
856 2098 930 2152 qui
951 2098 1105 2141 volunt
1124 2100 1269 2141 vocari
1290 2101 1469 2150 domini,
1492 2107 1536 2141 et
1557 2106 1606 2141 ut
1632 2099 1694 2140 eis
1715 2096 1927 2138 serviatur

128 2173 316 2226 genibus
332 2173 471 2224 flexis,
493 2182 537 2217 et
557 2177 756 2230 equitant
776 2191 876 2219 cum
898 2185 966 2220 tot
987 2186 1031 2220 et
1058 2186 1127 2221 tot
1155 2181 1380 2235 pomposis
1401 2181 1535 2234 equis,
1555 2186 1600 2222 et
1620 2177 1752 2220 nichil
1771 2174 1926 2217 volunt

128 2251 272 2293 facere
290 2254 570 2306 praedicando
589 2257 771 2298 verbum
792 2272 872 2312 pro
892 2258 1035 2300 salute
1055 2260 1326 2312 animarum3
1356 2268 1434 2303 aut
1454 2261 1571 2302 enim
1597 2260 1795 2301 nesciunt
1814 2271 1925 2311 prae-

129 2332 275 2374 dicare
304 2333 509 2388 episcopi,
536 2343 614 2378 aut
643 2350 732 2379 non
763 2344 949 2392 possunt
975 2340 1225 2393 praedicare,
1254 2341 1445 2394 negociis
1474 2340 1622 2382 saeculi
1653 2346 1729 2380 aut
1759 2337 1925 2379 deliciis

129 2412 321 2466 corporis
351 2413 561 2467 impediti,
590 2424 667 2459 aut
696 2418 798 2472 quia
827 2432 916 2460 non
946 2426 1131 2472 possunt
1159 2434 1261 2461 vere
1290 2421 1539 2474 praedicare,
1569 2419 1650 2460 nisi
1685 2418 1925 2472 praediceut

128 2491 203 2532 illa
222 2491 340 2532 mala
360 2492 403 2533 in
427 2494 586 2547 quibus
604 2496 675 2538 vel
695 2511 775 2551 pro
796 2498 956 2552 quibus
985 2499 1067 2552 ipsi
1097 2500 1291 2554 episcopi
1311 2506 1414 2541 sunt
1442 2500 1514 2550 rei,
1535 2513 1614 2541 nec
1644 2499 1762 2538 bona
1790 2510 1925 2550 opera

129 2571 382 2625 praedicant,
422 2586 520 2626 quae
565 2576 756 2631 episcopi
802 2591 890 2619 non
942 2578 1119 2629 faciunt,
1160 2579 1238 2620 sed
1288 2580 1526 2634 negligunt,
1567 2586 1611 2619 et
1661 2577 1766 2618 talia
1807 2576 1924 2618 bona

129 2658 360 2705 operantes
394 2652 604 2705 derident,
637 2655 708 2697 vel
746 2671 834 2699 non
870 2656 1140 2712 ponderant.'
1215 2659 1326 2701 Haec
1360 2660 1442 2701 fuit
1474 2672 1563 2700 vox
1603 2657 1848 2699 communis
1879 2657 1924 2698 in

129 2730 295 2773 clericis
324 2738 370 2773 et
399 2731 443 2772 in
473 2733 642 2787 populo*
666 2735 722 2776 de
751 2737 978 2792 episcopis,
1000 2745 1043 2780 et
1063 2739 1119 2780 de
1140 2739 1212 2781 die
1236 2739 1279 2779 in
1300 2739 1418 2781 diem
1443 2742 1724 2779 surrexerunt
1747 2736 1923 2790 plurimi

129 2805 174 2852 in
209 2810 399 2865 populo;
445 2818 492 2854 et
523 2812 775 2858 occiderunt
813 2818 1064 2872 episcopum
1103 2818 1434 2869 cicestrensem,
1468 2817 1619 2858 Adam
1657 2816 1840 2867 Molens,
1878 2824 1924 2859 et

1009 2897 1040 2926 u
