2456 3210
617 253 750 290 LOCI
784 253 823 287 E
862 251 1030 287 LIBRO
1077 249 1421 286 VERJTATUM.
1867 255 1922 300 55

744 303 893 372 affl*
937 304 1010 369 m
1027 284 1095 346 ἴω
1509 303 1513 306 ’

118 410 206 439 non
227 395 409 438 alterius
429 396 632 438 contrarii
654 321 1028 516 micffriam
1049 407 1194 435 meam
1220 394 1264 434 in
1286 393 1348 434 eis
1368 407 1527 447 quaere,
1544 406 1632 434 non
1653 400 1789 445 tuam,
1806 394 1925 437 lucra

120 491 230 528 mea,
250 490 340 518 non
361 483 449 527 tua,
473 476 718 529 dampnum
792 488 906 525 eum,
928 487 1017 516 non
1036 480 1176 516 tuum.
1224 471 1443 515 Attende.
1503 472 1659 514 Petrus
1685 475 1924 529 pascebat3

119 564 169 600 ut
195 562 357 612 pastor,
387 562 541 606 rector,
564 561 610 598 et
636 556 732 596 dux
758 554 924 609 populi,
946 553 1123 608 quando
1143 553 1333 604 dicebat,
1355 552 1460 603 ‘Tu‚
1484 553 1690 606 Domine,
1712 555 1787 608 qui
1809 556 1926 597 nosti

122 638 256 680 corda
277 638 490 688 omnium,
510 635 695 678 ostende
711 649 845 689 quem
865 641 914 676 tu
935 632 1400 688 elegeris,'—Actuum
1420 633 1563 687 primo
1583 635 1804 689 capitulo;
1836 649 1926 677 non

121 732 182 761 ex
202 731 333 760 carne
355 717 499 771 elegit,
515 729 595 758 nec
616 730 675 758 ex
695 715 925 758 voluntate
942 715 1037 764 viri,
1050 714 1130 756 sed
1148 714 1423 756 voluntatem
1441 715 1527 756 Dei
1548 717 1720 768 optavit
1740 715 1925 770 impleri,

121 811 202 840 nec
231 811 312 852 pro
339 797 498 839 litteris
516 797 814 847 dominorum,
844 810 944 850 quae
974 802 1122 837 essent
1141 795 1397 836 testimonia
1416 795 1613 837 veritatis
1637 795 1927 838 testificancia

123 883 249 920 actus
278 877 472 919 scientiae
503 882 549 918 et
575 877 800 927 virtutum,
826 882 876 917 ut
903 876 961 917 ad
992 875 1080 917 Dei
1109 875 1288 916 laudem
1319 881 1364 916 et
1393 875 1452 916 ad
1482 874 1652 917 lucrum
1680 876 1925 918 animarum

123 958 365 1012 praesidens
395 956 593 1011 eligatur.
653 956 716 998 Et
742 957 846 1010 quia
873 962 1044 1010 septem
1073 955 1185 998 vicia
1214 956 1340 1010 quasi
1370 962 1542 1009 septem
1570 955 1752 998 flumina
1778 957 1926 1011 plures

124 1039 295 1080 animas
315 1039 640 1086 destruxerunt,
663 1037 764 1079 ideo
784 1038 925 1091 primo
950 1037 1132 1079 intendo
1153 1037 1298 1078 dicere
1318 1037 1375 1078 de
1399 1037 1543 1091 primo
1564 1036 1694 1078 malo.

241 1119 431 1173 Indigna
459 1118 686 1172 promocio
723 1132 800 1159 seu
833 1118 1057 1160 institucio
1093 1118 1413 1172 episcoporum,
1447 1123 1680 1166 rectorum,
1716 1132 1795 1159 seu
1835 1118 1927 1159 offi-

124 1199 353 1242 ciariorum
393 1200 437 1240 in
477 1199 672 1248 ecclesia,
703 1205 771 1241 est
805 1199 995 1253 primum
1035 1198 1199 1240 flumen
1242 1198 1482 1247 Babilonis‚
1523 1199 1551 1239 i.
1567 1213 1601 1240 e.
1645 1198 1927 1248 confusionis,

124 1280 244 1335 quod
263 1280 566 1334 plangendum
595 1286 664 1322 est
690 1286 736 1321 et
766 1280 1093 1322 reformandum
1113 1281 1171 1321 ab
1197 1279 1282 1321 hiis
1302 1280 1377 1334 qui
1398 1279 1589 1334 diligunt
1608 1280 1758 1321 videre
1780 1281 1928 1322 Deum

125 1361 171 1402 in
202 1360 328 1415 Syon
357 1360 541 1402 coelesti.
612 1360 736 1402 Mala
768 1361 991 1402 ordinacio
1025 1361 1070 1401 in
1098 1360 1280 1402 ecclesia
1311 1375 1388 1402 seu
1420 1361 1466 1402 in
1496 1360 1644 1414 aliquo
1674 1361 1818 1403 officio
1849 1370 1927 1409 est,

131 1441 311 1495 quando
342 1441 550 1482 ordinans
579 1454 668 1482 non
698 1441 888 1482 intendit
916 1441 1139 1495 praeficere
1168 1441 1240 1483 vel
1274 1442 1476 1483 ordinare
1506 1441 1631 1483 illum
1667 1443 1741 1496 qui
1772 1442 1929 1484 melius

126 1527 286 1575 potest,
318 1521 412 1572 scit,
442 1527 487 1562 et
520 1521 617 1563 vult
650 1535 856 1563 exercere
889 1527 1013 1563 actus
1049 1521 1296 1575 spirituales
1335 1522 1478 1563 officio
1515 1535 1595 1563 suo
1631 1523 1818 1573 debitos,
1849 1537 1930 1565 nec

126 1602 318 1644 attendit
334 1615 434 1644 cum
451 1601 618 1643 Sancto
635 1602 764 1643 Petro
782 1616 916 1656 quem
934 1602 1058 1643 Deus
1075 1602 1222 1656 elegit,
1234 1603 1313 1644 sed
1330 1616 1463 1657 quem
1479 1603 1574 1656 ipse
1594 1604 1868 1658 impinguare
1884 1612 1929 1646 et

128 1682 429 1736 temporaliter
467 1682 682 1724 honorare
719 1683 824 1731 vult,
867 1696 947 1736 pro
987 1696 1116 1724 carne
1165 1690 1210 1725 et
1249 1685 1476 1737 sanguine,
1516 1683 1587 1726 vel
1627 1698 1708 1738 pro
1748 1686 1929 1726 servicio

130 1763 354 1804 mundano
384 1762 454 1804 vel
494 1762 738 1817 temporali,
777 1763 847 1804 vel
883 1777 963 1817 pro
1001 1764 1229 1817 obsequio,
1264 1763 1335 1805 vel
1370 1779 1449 1818 pro
1489 1771 1642 1820 rogatu
1688 1773 1732 1807 et
1773 1766 1930 1808 litteris

130 1842 328 1894 aliorum,
359 1843 434 1884 ubi
473 1842 635 1885 litterae
674 1843 850 1885 Divinae
889 1845 933 1885 in
974 1845 1187 1898 scriptura
1225 1859 1347 1887 sacra
1377 1847 1638 1900 praecipiunt
1672 1847 1782 1889 alios
1815 1849 1930 1889 viros

132 1924 351 1976 operarios
381 1923 495 1965 mitti
526 1924 570 1965 in
602 1938 790 1966 messem
821 1939 947 1966 suam
978 1930 1023 1966 et
1053 1926 1096 1966 in
1120 1926 1293 1968 vineam
1315 1928 1465 1982 populi
1493 1929 1593 1969 Dei.
1655 1929 1783 1970 Heu!
1815 1929 1929 1971 heu!

133 2016 213 2057 pro
239 2002 318 2044 tali
347 2010 392 2045 et
419 2010 546 2045 tanto
575 2004 704 2056 malo,
731 2011 776 2046 et
807 2019 887 2059 pro
919 2005 1046 2047 malis
1077 2021 1135 2047 ex
1168 2007 1253 2048 isto
1280 2008 1398 2050 malo
1425 2010 1723 2063 sequentibus.
1787 2009 1931 2051 Causa

134 2082 250 2124 enim
290 2084 593 2126 antecedentis
634 2092 703 2127 est
742 2099 874 2128 causa
914 2088 1233 2140 consequentis.
1305 2089 1527 2131 Ordinans
1563 2105 1668 2144 ergo
1705 2092 1819 2132 male
1854 2105 1930 2132 seu

133 2162 295 2204 viciose
315 2163 506 2218 aliquem
535 2166 580 2206 in
609 2166 801 2207 officium
833 2167 1027 2208 ecclesiae
1058 2182 1134 2209 seu
1165 2169 1343 2211 alterius
1373 2172 1448 2220 rei,
1475 2179 1543 2213 est
1573 2185 1703 2212 causa
1734 2172 1930 2212 omnium

136 2242 363 2295 malorum,
403 2250 448 2286 et
487 2258 587 2287 reus
626 2247 823 2288 omnium
865 2249 1110 2299 malorum‚'
1148 2263 1247 2303 quae
1297 2265 1375 2305 per
1423 2252 1560 2294 talem
1606 2242 1749 2298 fiunt,x
1780 2258 1932 2294 contra

136 2323 323 2365 salutem
342 2325 598 2379 animarum,
620 2333 665 2369 et
694 2335 763 2370 est
793 2342 925 2370 causa
952 2331 1153 2370 omnium
1179 2332 1465 2373 omissionum
1495 2333 1711 2374 bonorum
1741 2339 1932 2383 actuum,

137 2405 270 2457 quiea
300 2404 378 2446 tali
408 2404 607 2487 vel⁷per
624 2408 761 2486 talem
796 2411 1121 2463 praesidentem‚
1140 2413 1191 2452 3ἰ
1230 2399 1371 2454 bonus
1411 2420 1537 2463 esset,
1569 2413 1736 2454 fierent.
1797 2413 1932 2455 Unde

137 2484 239 2526 talis
269 2485 474 2527 ordinans
610 2470 737 2531 aliter
767 2490 837 2531 vel
874 2491 990 2532 malo
1024 2505 1174 2533 amore
1208 2493 1279 2534 vel
1316 2494 1433 2535 malo
1466 2495 1623 2535 timore
1664 2494 1856 2547 aliquem
1887 2495 1931 2535 in

138 2563 342 2615 officium,
372 2578 449 2606 seu
485 2579 680 2620 reglmen
715 2570 925 2622 ecclesiae,
955 2579 1000 2614 et
1033 2573 1095 2613 sic
1130 2573 1319 2614 ordinari
1358 2589 1619 2628 procuranS,
1637 2575 1932 2617 communicat

138 2645 329 2698 peccatis
360 2644 513 2687 alienis
547 2660 646 2700 quae
680 2663 739 2690 ex
773 2650 891 2693 facto
923 2666 1001 2693 suo
1041 2660 1299 2705 secuuntur3
1350 2662 1501 2697 contra
1541 2655 1660 2707 quod
1699 2662 1931 2708 peccatum

139 2725 339 2799 hortatur
369 2715 615 2780 Apostolus
650 2729 810 2782 dicens,
840 2732 968 2774 ‘Non
1004 2735 1391 2776 communicaveris
1424 2735 1614 2789 peccatis
1645 2734 1822 2786 alienis,’
1850 2737 1877 2778 i.
1891 2752 1930 2778 e.

141 2818 197 2872 ne
237 2806 295 2846 sis
330 2806 548 2860 particeps
582 2809 626 2849 in
663 2810 802 2864 culpis
843 2825 922 2855 nec
962 2815 1006 2854 in
1040 2815 1183 2868 poenis
1223 2815 1418 2857 aliorum.
1500 2815 1571 2865 Et,
1612 2822 1727 2857 teste
1765 2815 1930 2859 Sancto
