2456 3210
688 326 817 363 LOCI
854 327 895 361 E
934 326 1102 362 LIBRO
1148 326 1495 363 VERJTATUM.
1925 328 2006 374 195

189 473 388 528 priantur
425 472 568 514 officio
610 486 686 513 seu
726 471 934 525 dignitati
975 469 1221 512 cancellarii
1253 469 1556 521 Eboracensis,
1593 484 1705 524 quos
1745 469 1923 520 fructus,
1964 469 2005 510 si

190 553 475 596 cancellarius
515 552 707 606 recipiat,
737 551 888 593 vicarii
929 556 974 592 et
1009 550 1148 593 curati
1183 550 1357 591 illarum
1393 551 1580 591 duarum
1618 550 1899 592 ecclesiarum
1939 550 2003 592 sic

189 647 465 695 annexarum
486 632 745 674 cancellario
772 632 986 685 praedicto
1007 630 1141 676 nichil
1167 630 1395 672 habebunt
1416 631 1486 672 vel
1516 645 1674 685 parum
1700 632 1820 673 unde
1840 632 2003 682 vivant,

191 721 239 757 et
276 715 350 765 sic,
385 728 457 756 me
498 720 720 762 renuente,
757 713 914 753 doctor
942 711 1192 752 Willelmus
1233 711 1443 753 Mourton
1485 712 1568 754 fuit
1604 712 1665 753 ibi
1705 711 2000 754 cancellarius.

193 795 235 838 O
265 795 459 836 Domine
484 793 630 835 Deus!
667 792 849 834 infinitae
880 792 1189 833 misericordiae
1218 799 1264 834 et
1291 791 1491 846 justiciae,
1514 792 1708 846 justifica
1736 793 2002 847 accipientes

192 889 319 918 curas
347 875 592 917 animarum
621 880 666 915 et
696 874 814 927 ipsas
844 873 983 914 eciam
1014 879 1246 914 renuentes
1276 887 1336 914 ex
1363 874 1506 915 causis
1536 874 1617 915 tibi
1647 873 1778 916 notis.
1836 873 2002 915 Amen.

193 956 409 998 Domini
464 954 709 996 mundani
757 953 845 1007 qui
900 954 1235 1007 promovetis,
1285 968 1376 995 seu
1427 955 1606 996 verius
1660 955 1724 995 ad
1774 960 2001 996 vestram

193 1037 622 1090 dampnacionem
653 1040 707 1076 et
733 1034 1018 1075 animarum
1047 1033 1266 1087 plurium
1295 1035 1673 1076 detrimentum
1706 1035 2005 1086 intenditis,

194 1117 367 1159 malos
396 1123 448 1158 et
478 1116 676 1157 inscios
706 1115 758 1156 in
788 1114 977 1156 officiis
1008 1120 1061 1155 et
1090 1115 1140 1154 in
1172 1114 1437 1166 ecclesiis,
1466 1115 1577 1156 haec
1607 1121 1824 1158 notate!

308 1204 353 1247 [p.
376 1203 470 1247 538]
519 1202 737 1238 Potestas.
799 1195 950 1236 Plures
978 1196 1178 1236 nesciunt
1206 1209 1306 1249 quae
1341 1197 1603 1247 concedunt,
1634 1210 1716 1238 nec
1747 1211 1848 1251 quae
1880 1196 2000 1239 mala

194 1283 522 1332 consequuntur
558 1290 707 1318 coram
740 1276 841 1317 Deo
876 1289 936 1317 ex
975 1275 1075 1328 lege
1114 1275 1190 1316 illa
1222 1275 1294 1317 vel
1335 1290 1395 1317 ex
1434 1277 1715 1319 concessione
1755 1277 1847 1328 tali,
1886 1278 2002 1320 sicut

195 1365 350 1400 notum
381 1365 448 1400 est
473 1371 616 1412 nuper
642 1357 688 1398 in
718 1363 921 1410 tempore
948 1356 1138 1409 Eugenii
1168 1369 1298 1410 papae
1328 1356 1402 1410 iiij,
1427 1358 1547 1410 quod
1578 1372 1690 1400 unus
1715 1358 1902 1412 juvenis,
1930 1373 1999 1400 xx

194 1452 420 1487 annorum,
451 1437 608 1479 habuit
636 1436 701 1491 xij
735 1437 997 1491 praebendas
1032 1442 1077 1477 et
1108 1435 1336 1478 licenciam
1367 1436 1566 1490 ejusdem
1601 1452 1731 1492 papae
1766 1445 1816 1480 ut
1847 1445 2001 1493 posset

195 1519 387 1573 recipere
420 1524 466 1560 et
495 1519 682 1560 retinere
713 1517 822 1559 dum
857 1517 1026 1558 viveret
1057 1530 1333 1571 quaecunque
1366 1517 1457 1559 duo
1491 1518 1705 1560 beneficia
1740 1519 2004 1575 incompati-

194 1599 312 1650 bilia,
346 1599 564 1650 rectorias,
601 1612 678 1639 seu
717 1597 913 1645 vicarias,
955 1610 1031 1637 seu
1072 1596 1463 1647 archidiaconatus,
1506 1612 1584 1639 seu
1625 1599 1880 1650 decanatus,
1921 1615 2000 1642 seu

194 1692 478 1734 quascunque
504 1680 616 1720 duas
641 1677 750 1719 alias
776 1677 1016 1731 dignitates
1041 1677 1432 1730 incompossibiles,
1454 1678 1563 1720 citra
1589 1680 1922 1734 episcopatum3
1955 1688 2002 1724 et

194 1765 372 1802 tantum
401 1759 476 1801 ille
500 1759 620 1801 idern
645 1758 820 1812 juvenis
855 1757 937 1798 fuit
966 1771 994 1798 a
1022 1763 1224 1811 tempore
1250 1757 1496 1811 juventutis
1525 1759 1673 1801 fatuus
1713 1761 1838 1815 quasi
1874 1769 2003 1804 natu-

194 1840 355 1892 raliter,
384 1854 467 1882 nec
506 1839 630 1882 novit
669 1852 861 1893 congrue
901 1838 1022 1892 loqui
1059 1837 1270 1879 Latinum
1311 1852 1393 1880 nec
1433 1839 1630 1893 linguam
1663 1848 1924 1894 maternam,
1954 1850 2002 1886 et

194 1920 334 1962 laicus
353 1921 475 1962 dives
501 1926 548 1961 et
573 1925 738 1974 nuptus
767 1918 933 1972 recepit
960 1918 1110 1959 omnia
1138 1918 1222 1959 sibi
1250 1919 1522 1973 pertinencia
1550 1935 1611 1962 ex
1641 1921 1867 1964 beneficiis
1897 1924 2000 1973 suis,

197 2001 274 2055 qui
302 2001 426 2042 dedit
454 2001 495 2043 ei
524 2006 571 2042 et
598 2000 739 2042 tribus
774 1999 949 2040 famulis
985 1998 1183 2052 ejusdem
1208 1999 1383 2052 juvenis
1413 2008 1462 2042 ut
1492 2001 1707 2055 placitum
1741 2002 1825 2044 fuit
1856 2004 2000 2045 eidem

195 2082 291 2123 viro
324 2080 506 2122 seculari
535 2081 775 2128 annuatim,
813 2080 889 2134 qui
919 2079 1056 2120 laicus
1096 2079 1262 2133 recepit
1296 2086 1342 2121 et
1377 2080 1558 2124 retinuit
1596 2083 1794 2125 redditus
1825 2084 1999 2125 illarum

197 2161 535 2216 praebendarum
570 2167 615 2203 et
650 2160 798 2215 magni
838 2159 1247 2213 archidyaconatus,
1278 2166 1323 2202 et
1353 2161 1473 2203 idem
1502 2161 1676 2215 juvenis
1712 2177 1802 2204 non
1838 2164 2000 2205 mansit

198 2243 244 2282 in
278 2241 427 2294 aliqua
457 2240 696 2294 praebenda
730 2255 821 2290 sua,
853 2253 934 2282 nec
966 2240 1159 2294 aliquam
1190 2239 1365 2281 illarum
1395 2243 1585 2296 reparari
1615 2243 1719 2284 fecit
1748 2257 1829 2285 nec
1858 2243 2000 2285 archi-

198 2323 497 2376 dyaconatum
531 2334 660 2362 suum
694 2321 888 2362 visitavit
926 2333 1007 2374 per
1043 2320 1191 2374 plures
1230 2333 1384 2362 annos.
1454 2322 1586 2364 Heu!
1632 2323 1743 2365 heu!
1804 2323 2002 2365 Domine

200 2402 351 2443 Deus!
394 2401 500 2454 quia
532 2414 636 2442 cura
668 2401 914 2442 animarum
944 2401 1039 2454 jam
1075 2401 1189 2454 perit
1228 2414 1308 2454 per
1346 2402 1510 2443 malam
1546 2404 1887 2457 promocionem,
1922 2418 2002 2458 per

200 2495 290 2523 non
330 2480 629 2531 residenciam,
669 2487 716 2523 et
744 2481 1024 2523 ecclesiarum
1056 2480 1464 2534 appropriacionem
1499 2497 1575 2524 seu
1611 2482 1918 2534 annexionem,
1955 2490 2002 2526 et

200 2562 326 2616 quasi
361 2574 516 2602 omnes
551 2560 745 2602 ecclesiae
783 2561 1057 2616 parochiales
1096 2561 1392 2615 appropriatae
1433 2570 1536 2605 sunt
1571 2563 1666 2616 jam
1703 2563 1914 2616 religiosis
1954 2572 2001 2607 et

201 2641 353 2697 paucis
388 2640 594 2694 collegiis,
627 2647 672 2682 et
706 2655 794 2683 non
829 2649 932 2684 sunt
968 2642 1165 2684 ecclesiae
1197 2642 1290 2695 jam
1325 2643 1578 2685 sufficientis
1613 2643 1754 2685 victus
1795 2651 1842 2685 et
1870 2644 1999 2687 dota·

201 2722 339 2777 cionis
384 2721 430 2761 in
471 2720 630 2774 quibus
672 2720 846 2763 honesti
884 2724 1134 2764 sacerdotes
1182 2729 1228 2763 et
1273 2722 1475 2765 doctores
1524 2737 1674 2765 curam
1712 2730 1878 2776 gerent,
1918 2738 2002 2767 nec

201 2801 421 2844 sufficiunt
448 2800 542 2854 jam
573 2806 762 2842 rectores
792 2815 872 2843 nec
906 2803 1053 2844 vicarii
1089 2802 1300 2844 exhibere
1325 2803 1508 2857 juvenes
1538 2804 1595 2845 ad
1626 2803 1832 2854 studium,
1864 2810 1909 2847 et
1937 2805 2002 2847 sic

202 2883 316 2937 perit
351 2881 538 2923 sciencia
573 2887 616 2923 et
649 2895 775 2923 verus
810 2881 962 2924 clerus.
1038 2883 1136 2936 Ego
1165 2883 1294 2934 enim,
1324 2885 1400 2937 qui
1436 2884 1530 2926 haec
1566 2883 1728 2937 scripsi,
1756 2883 1816 2925 fui
1846 2885 2003 2927 doctor

1039 2961 1065 2992 C
1089 2965 1110 2993 C
1134 2963 1156 2992 2
