2456 3210
488 195 566 236 106
823 213 828 216 ·
983 195 1115 234 LOCJ
1148 195 1187 232 E
1227 195 1391 232 LIBRO
1439 195 1780 234 VERJTATUM.

485 343 710 398 quondam
744 342 788 383 in
814 341 1024 395 Nubrige,
1049 341 1219 382 solebat
1256 340 1411 392 dicere,
1433 341 1612 394 quando
1644 339 1726 382 fuit
1758 345 1904 381 motus
1936 353 2011 381 seu
2045 346 2290 394 temptatus

481 424 542 467 ad
573 423 868 477 peccandum:
903 422 968 464 ‘O
990 420 1249 476 peccatum!
1283 426 1451 475 quanta
1481 421 1649 463 solvam
1675 434 1755 474 pro
1786 426 1844 470 te,
1867 421 1903 462 si
1931 426 1977 462 te
2005 421 2224 475 recipiam,
2246 427 2291 463 et

483 504 566 547 tibi
598 503 901 553 consenciam3
936 502 1105 543 solvam
1142 516 1222 556 pro
1253 508 1309 553 te,
1343 508 1387 543 et
1422 501 1566 556 patiar
1597 513 1676 556 pro
1706 508 1752 543 te
1783 507 1979 556 peccato,
2009 502 2045 543 si
2076 501 2156 543 tibi
2187 515 2292 543 con-

483 583 690 633 senciam‚
732 582 976 624 carenciam
1016 583 1175 636 graciae
1216 582 1302 623 Dei
1344 588 1390 623 et
1428 582 1579 636 gloriae
1619 588 1806 633 aetemae,
1849 588 1894 624 et
1933 581 2060 636 plura
2099 581 2293 636 poenalia

483 664 629 718 patiar
655 677 734 717 pro
764 669 837 704 te:
870 661 972 703 nolo
1002 676 1118 716 ergo,
1149 662 1190 704 O
1219 666 1474 716 peccatum!
1505 662 1675 704 solvere
1704 668 1773 704 tot
1801 667 1846 703 et
1873 668 2000 704 tanta
2029 675 2110 716 pro
2138 667 2184 704 te
2214 661 2293 703 ha-

484 744 644 793 bendo,
677 749 744 785 tot
776 743 892 784 enim
924 741 1041 784 mala
1074 748 1119 784 et
1154 743 1349 796 poenalia
1379 743 1548 785 solvam
1582 757 1662 797 pro
1692 749 1738 784 te
1774 749 1968 797 peccam,
2002 749 2048 784 et
2077 748 2145 783 tot
2176 741 2294 784 mala

486 824 712 866 sustinebo
738 837 816 877 pro
843 829 900 874 te,
921 824 957 864 si
985 823 1065 864 tibi
1094 824 1400 875 consenciam;
1432 823 1534 865 nolo
1563 837 1678 878 ergo,
1703 823 1744 865 O
1767 824 2025 877 peccatum!
2057 822 2221 864 habere
2248 828 2295 864 te

485 919 566 946 nec
597 918 743 946 emere
772 910 818 946 te
849 910 943 945 tam
975 917 1137 957 magno
1170 910 1215 945 et
1243 910 1339 945 tam
1371 918 1472 945 caro
1504 902 1673 958 preti0.’
1747 904 1861 946 Haec
1897 903 2012 945 dixit
2045 902 2117 944 ille
2151 903 2295 944 bonus

485 984 734 1026 Willelmus
766 984 822 1025 de
852 984 1054 1038 Nubrige
1085 984 1199 1026 circa
1230 998 1396 1025 annum
1428 984 1612 1026 Domini
1644 988 1736 1025 mm⁰
1767 988 1915 1026 ccccmo
1945 982 2143 1037 xxxiiij0.

602 1071 646 1114 [p.
669 1070 763 1115 539]
823 1070 1030 1106 Furtum.
1092 1065 1133 1107 O
1165 1065 1301 1116 Deus,
1342 1065 1417 1118 qui
1454 1064 1626 1118 judicas
1666 1065 1923 1118 aequitatem
1964 1069 2009 1105 et
2044 1062 2296 1105 consideras

485 1144 683 1186 laborem
717 1150 761 1186 et
793 1144 991 1186 dolorem
1021 1149 1291 1199 pauperum!
1325 1145 1383 1186 da
1413 1144 1687 1186 intellectum
1713 1157 1866 1185 verum
1898 1143 2091 1185 ecclesiis
2121 1148 2167 1185 et
2196 1142 2295 1183 reli-

485 1225 630 1279 giosis,
666 1226 741 1278 qui
782 1225 899 1266 bona
938 1225 1206 1267 sufficiencia
1247 1239 1306 1266 ex
1346 1225 1543 1279 primeva
1583 1225 1844 1266 fundacione
1884 1223 2082 1265 locorum
2116 1236 2296 1264 suorum

485 1305 663 1357 habent,
694 1305 811 1346 unde
851 1319 987 1360 opera
1027 1305 1275 1347 necessaria
1315 1305 1572 1354 sustineant,
1614 1311 1660 1346 et
1712 1304 1952 1358 perficiant,
1993 1317 2054 1345 sc.
2093 1303 2295 1352 vivendo,

488 1386 666 1436 orando,
688 1385 919 1434 studendo,
947 1385 1148 1440 legendo,
1171 1391 1216 1427 et
1246 1385 1479 1427 scribendo
1509 1384 1850 1439 explanaciones
1880 1390 2132 1425 sanctarum
2162 1382 2298 1436 scrip-

489 1472 684 1507 turarum
718 1473 763 1508 et
798 1479 941 1507 rerum
974 1480 1083 1520 quas
1120 1466 1245 1507 Deus
1278 1466 1441 1508 sanctis
1470 1466 1573 1507 viris
1610 1472 1654 1507 et
1687 1464 1941 1507 doctoribus
1975 1463 2197 1514 revelavit,
2224 1465 2298 1505 ‘ut

490 1559 568 1599 per
600 1546 949 1588 consolacionem
985 1548 1295 1601 scripturarum
1328 1561 1453 1602 spem
1489 1546 1732 1588 habeamus
1764 1547 1809 1587 in
1840 1545 1935 1587 Xto
1964 1544 2071 1598 Jesu
2103 1543 2299 1585 Domino

491 1624 666 1668 nostro.'
728 1626 768 1668 O
791 1627 939 1668 Deus!
972 1628 1172 1670 illumina
1203 1628 1353 1669 oculos
1382 1628 1541 1670 mentis
1570 1634 1614 1670 et
1642 1627 1797 1670 talium
1826 1627 2017 1668 virorum
2038 1625 2112 1680 qui
2140 1631 2299 1679 petunt

491 1706 610 1748 bona
657 1707 815 1760 quibus
860 1721 948 1748 non
995 1709 1203 1762 indigent,
1246 1709 1332 1750 illis
1371 1709 1499 1750 bonis
1542 1709 1779 1761 abutendo,
1819 1715 1864 1750 et
1908 1707 1983 1748 illa
2023 1705 2299 1748 effundentes

492 1787 606 1828 circa
644 1793 770 1828 actus
810 1801 897 1828 non
939 1790 1215 1839 necessarios,
1258 1804 1348 1831 non
1389 1791 1535 1831 Deum
1578 1790 1835 1831 immediate
1876 1802 1958 1830 nec
1997 1787 2164 1829 cultum
2205 1785 2299 1840 ejus

493 1873 805 1909 concernentes
852 1882 932 1922 per
974 1870 1172 1911 scienciae
1216 1877 1516 1924 augmentum,
1559 1876 1604 1911 et
1642 1870 1746 1912 vitae
1794 1883 1917 1923 purae
1966 1868 2299 1909 incrementum.

494 1947 628 1989 Tales
658 1948 943 2001 appropriant
974 1949 1055 1989 sibi
1097 1949 1301 1992 ecclesias
1342 1949 1624 2005 parochiales,
1658 1956 1703 1991 et
1732 1949 1850 1991 bona
1890 1955 1935 1990 et
1969 1949 2164 1990 decimas
2205 1947 2299 1988 illa-

494 2041 604 2077 rum,
647 2028 888 2070 rectoribus
927 2029 1206 2082 pertinentes,
1248 2037 1462 2085 tanquam
1501 2036 1545 2072 et
1591 2030 1763 2072 illorum
1804 2030 2021 2070 bonorum
2072 2028 2300 2082 dispensa-

495 2108 665 2149 toribus
695 2107 793 2161 jure
827 2113 996 2150 naturae
1032 2115 1076 2151 et
1103 2110 1199 2163 jure
1229 2112 1378 2153 divino
1413 2111 1577 2165 scripto
1608 2116 1653 2152 et
1678 2110 1776 2165 jure
1806 2109 1999 2151 ecclesiae
2029 2109 2086 2151 ab
2117 2107 2301 2150 ecclesia

495 2188 699 2230 instituto
740 2195 785 2230 et
825 2188 1013 2239 decreto,
1045 2190 1173 2240 unde,
1211 2205 1289 2245 per
1323 2191 1435 2233 tales
1475 2190 1867 2246 appropriaciones,
1900 2188 2180 2231 ecclesiarum
2219 2187 2298 2229 viri

498 2268 737 2318 scientifici,
770 2274 815 2310 et
854 2268 983 2310 bonae
1025 2275 1068 2310 et
1102 2271 1360 2313 excellentis
1391 2273 1506 2323 vitae,
1543 2271 1617 2325 qui
1653 2276 1799 2312 essent
1834 2270 1878 2311 in
1914 2268 2076 2311 talibus
2110 2274 2300 2310 rectores

498 2349 754 2400 animarum,
794 2363 822 2390 a
857 2361 959 2389 cura
999 2349 1243 2391 animarum
1280 2352 1439 2406 injuste
1480 2351 1768 2400 retrahuntur,
1805 2356 1987 2404 propter
2021 2347 2299 2390 exhilitatem

498 2429 730 2478 bonorum,
767 2442 866 2482 quae
906 2430 1238 2482 appropriantes
1279 2432 1528 2474 concedunt
1572 2437 1734 2481 curato,
1777 2436 1822 2472 et
1861 2431 1922 2472 sic
1962 2429 2112 2471 debita
2158 2441 2301 2469 sacra-

501 2515 748 2550 mentorum
768 2508 1103 2557 administracio,
1127 2517 1244 2551 recta
1266 2518 1309 2552 et
1334 2513 1496 2554 devota
1520 2511 1676 2562 oracio,
1699 2509 1959 2565 praedicacio
1978 2508 2098 2550 verbi
2120 2507 2300 2549 Domini

501 2596 547 2631 et
582 2589 778 2631 veritatis
812 2587 1066 2630 necessariae
1103 2595 1147 2629 et
1179 2590 1296 2631 utilis
1327 2593 1531 2642 ostensio,
1557 2592 1724 2634 bonum
1755 2589 1983 2632 consilium
2013 2587 2299 2643 parochianis,

501 2668 667 2710 bonum
718 2669 974 2723 exemplum
1022 2668 1207 2718 vivendi,
1258 2670 1546 2724 hospitalitas,
1589 2678 1633 2715 et
1682 2670 1945 2720 elemosinae,
1986 2675 2031 2710 et
2081 2666 2300 2709 exhibicio

498 2747 706 2801 juvenum
735 2749 1096 2803 parochianorum
1121 2749 1178 2790 ad
1209 2751 1401 2792 studium
1430 2751 1651 2794 literarum
1672 2757 1716 2794 et
1744 2750 2039 2799 scienciarum,
2062 2761 2139 2802 per
2165 2746 2299 2789 talem
