<?xml version="1.0" encoding="UTF-8"?>
<!DOCTYPE html PUBLIC "-//W3C//DTD XHTML 1.0 Transitional//EN"
    "http://www.w3.org/TR/xhtml1/DTD/xhtml1-transitional.dtd">
<html xmlns="http://www.w3.org/1999/xhtml" xml:lang="en" lang="en">
 <head>
  <title>
</title>
<meta http-equiv="Content-Type" content="text/html;charset=utf-8" />
  <meta name='ocr-system' content='tesseract 3.04.00' />
  <meta name='ocr-capabilities' content='ocr_page ocr_carea ocr_par ocr_line ocrx_word'/>
</head>
<body>
  <div class='ocr_page' id='page_1' title='image "./locielibroverita00gascuoft_0219.png"; bbox 0 0 2456 3210; ppageno 0'>
   <div class='ocr_carea' id='block_1_1' title="bbox 630 249 1937 295">
    <p class='ocr_par' dir='ltr' id='par_1_1' title="bbox 630 249 1937 295">
     <span class='ocr_line' id='line_1_1' title="bbox 630 249 1937 295; baseline -0.004 -7"><span class='ocrx_word' id='word_1_1' title='bbox 630 252 763 288; x_wconf 90' lang='lat' dir='ltr'><strong>LOCI</strong></span> <span class='ocrx_word' id='word_1_2' title='bbox 797 251 837 286; x_wconf 88' lang='lat' dir='ltr'><em>E</em></span> <span class='ocrx_word' id='word_1_3' title='bbox 874 249 1041 286; x_wconf 90' lang='lat' dir='ltr'><em>LIBRO</em></span> <span class='ocrx_word' id='word_1_4' title='bbox 1088 249 1432 285; x_wconf 79' lang='lat' dir='ltr'><em>VERJTATUM.</em></span> <span class='ocrx_word' id='word_1_5' title='bbox 1859 253 1937 295; x_wconf 88' lang='lat'><strong>117</strong></span> 
     </span>
    </p>
   </div>
   <div class='ocr_carea' id='block_1_2' title="bbox 102 392 1991 2862">
    <p class='ocr_par' dir='ltr' id='par_1_2' title="bbox 102 392 1991 1414">
     <span class='ocr_line' id='line_1_2' title="bbox 246 392 1940 447; baseline -0.002 -10"><span class='ocrx_word' id='word_1_6' title='bbox 246 402 294 447; x_wconf 79' lang='lat' dir='ltr'><strong>[p.</strong></span> <span class='ocrx_word' id='word_1_7' title='bbox 324 403 418 447; x_wconf 68' lang='lat'><strong>551]</strong></span> <span class='ocrx_word' id='word_1_8' title='bbox 475 401 743 438; x_wconf 72' lang='lat' dir='ltr'><strong>Haemtieus.</strong></span> <span class='ocrx_word' id='word_1_9' title='bbox 802 394 972 437; x_wconf 66' lang='lat' dir='ltr'><strong>Omnes</strong></span> <span class='ocrx_word' id='word_1_10' title='bbox 1001 394 1119 435; x_wconf 88' lang='lat' dir='ltr'><strong>enim</strong></span> <span class='ocrx_word' id='word_1_11' title='bbox 1147 392 1454 434; x_wconf 82' lang='lat' dir='ltr'><strong>haereticorum</strong></span> <span class='ocrx_word' id='word_1_12' title='bbox 1487 399 1532 434; x_wconf 92' lang='lat' dir='ltr'><strong>et</strong></span> <span class='ocrx_word' id='word_1_13' title='bbox 1558 392 1789 446; x_wconf 84' lang='lat' dir='ltr'>gentilium</span> <span class='ocrx_word' id='word_1_14' title='bbox 1818 406 1940 446; x_wconf 78' lang='lat' dir='ltr'><strong>quae-</strong></span> 
     </span>
     <span class='ocr_line' id='line_1_3' title="bbox 133 472 1940 530; baseline -0.004 -10"><span class='ocrx_word' id='word_1_15' title='bbox 133 477 299 519; x_wconf 57' lang='lat' dir='ltr'><strong>stiones</strong></span> <span class='ocrx_word' id='word_1_16' title='bbox 329 477 498 519; x_wconf 82' lang='lat' dir='ltr'><strong>eaedem</strong></span> <span class='ocrx_word' id='word_1_17' title='bbox 529 483 646 528; x_wconf 88' lang='lat' dir='ltr'><strong>sunt,</strong></span> <span class='ocrx_word' id='word_1_18' title='bbox 677 476 782 530; x_wconf 90' lang='lat' dir='ltr'><strong>quia</strong></span> <span class='ocrx_word' id='word_1_19' title='bbox 813 487 903 516; x_wconf 91' lang='lat' dir='ltr'><strong>non</strong></span> <span class='ocrx_word' id='word_1_20' title='bbox 936 474 1249 528; x_wconf 87' lang='lat' dir='ltr'><strong>scripturarum</strong></span> <span class='ocrx_word' id='word_1_21' title='bbox 1279 473 1589 514; x_wconf 88' lang='lat' dir='ltr'><strong>auctoritatem</strong></span> <span class='ocrx_word' id='word_1_22' title='bbox 1618 473 1698 514; x_wconf 88' lang='lat' dir='ltr'><strong>sed</strong></span> <span class='ocrx_word' id='word_1_23' title='bbox 1733 472 1940 514; x_wconf 85' lang='lat' dir='ltr'><strong>humanae</strong></span> 
     </span>
     <span class='ocr_line' id='line_1_4' title="bbox 133 553 1942 611; baseline -0.003 -11"><span class='ocrx_word' id='word_1_24' title='bbox 133 558 314 600; x_wconf 78' lang='lat' dir='ltr'><strong>rationis</strong></span> <span class='ocrx_word' id='word_1_25' title='bbox 342 570 520 599; x_wconf 87' lang='lat' dir='ltr'><strong>sensum</strong></span> <span class='ocrx_word' id='word_1_26' title='bbox 550 563 806 611; x_wconf 89' lang='lat' dir='ltr'><strong>sequuntur.</strong></span> <span class='ocrx_word' id='word_1_27' title='bbox 868 555 983 596; x_wconf 83' lang='lat' dir='ltr'><strong>Haec</strong></span> <span class='ocrx_word' id='word_1_28' title='bbox 1014 553 1205 596; x_wconf 88' lang='lat' dir='ltr'><strong>Sanctus</strong></span> <span class='ocrx_word' id='word_1_29' title='bbox 1236 553 1499 606; x_wconf 76' lang='lat' dir='ltr'><strong>jeronimus,</strong></span> <span class='ocrx_word' id='word_1_30' title='bbox 1530 567 1663 607; x_wconf 90' lang='lat' dir='ltr'><strong>super</strong></span> <span class='ocrx_word' id='word_1_31' title='bbox 1691 553 1811 596; x_wconf 91' lang='lat' dir='ltr'><strong>Osee</strong></span> <span class='ocrx_word' id='word_1_32' title='bbox 1839 568 1942 608; x_wconf 83' lang='lat' dir='ltr'><strong>pro-</strong></span> 
     </span>
     <span class='ocr_line' id='line_1_5' title="bbox 102 634 1942 692; baseline -0.001 -15"><span class='ocrx_word' id='word_1_33' title='bbox 102 672 109 677; x_wconf 90' lang='lat'>.</span> <span class='ocrx_word' id='word_1_34' title='bbox 133 636 330 692; x_wconf 83' lang='lat' dir='ltr'><strong>phetam,</strong></span> <span class='ocrx_word' id='word_1_35' title='bbox 351 638 464 679; x_wconf 90' lang='lat' dir='ltr'><strong>libro</strong></span> <span class='ocrx_word' id='word_1_36' title='bbox 492 641 550 687; x_wconf 86' lang='lat'><strong>2⁰,</strong></span> <span class='ocrx_word' id='word_1_37' title='bbox 570 641 654 679; x_wconf 89' lang='lat' dir='ltr'><strong>ca⁰.</strong></span> <span class='ocrx_word' id='word_1_38' title='bbox 677 641 735 690; x_wconf 89' lang='lat'><strong>7⁰.</strong></span> <span class='ocrx_word' id='word_1_39' title='bbox 791 636 920 685; x_wconf 87' lang='lat' dir='ltr'>Item,</span> <span class='ocrx_word' id='word_1_40' title='bbox 941 634 1134 676; x_wconf 86' lang='lat' dir='ltr'><strong>haeretici</strong></span> <span class='ocrx_word' id='word_1_41' title='bbox 1160 634 1262 688; x_wconf 88' lang='lat' dir='ltr'><strong>vagi</strong></span> <span class='ocrx_word' id='word_1_42' title='bbox 1292 639 1450 684; x_wconf 88' lang='lat' dir='ltr'><strong>errant,</strong></span> <span class='ocrx_word' id='word_1_43' title='bbox 1475 646 1591 675; x_wconf 87' lang='lat' dir='ltr'><strong>nunc</strong></span> <span class='ocrx_word' id='word_1_44' title='bbox 1618 634 1676 676; x_wconf 91' lang='lat' dir='ltr'><strong>ad</strong></span> <span class='ocrx_word' id='word_1_45' title='bbox 1702 634 1798 684; x_wconf 81' lang='lat' dir='ltr'><strong>has,</strong></span> <span class='ocrx_word' id='word_1_46' title='bbox 1825 648 1942 676; x_wconf 89' lang='lat' dir='ltr'><strong>nunc</strong></span> 
     </span>
     <span class='ocr_line' id='line_1_6' title="bbox 135 714 1991 769; baseline -0.001 -10"><span class='ocrx_word' id='word_1_47' title='bbox 135 718 196 759; x_wconf 86' lang='lat' dir='ltr'><strong>ad</strong></span> <span class='ocrx_word' id='word_1_48' title='bbox 221 718 330 769; x_wconf 83' lang='lat' dir='ltr'><strong>illas,</strong></span> <span class='ocrx_word' id='word_1_49' title='bbox 349 718 428 760; x_wconf 87' lang='lat' dir='ltr'><strong>i.e.</strong></span> <span class='ocrx_word' id='word_1_50' title='bbox 454 717 694 760; x_wconf 89' lang='lat' dir='ltr'><strong>contrarias</strong></span> <span class='ocrx_word' id='word_1_51' title='bbox 720 716 980 765; x_wconf 84' lang='lat' dir='ltr'><strong>sentencias,</strong></span> <span class='ocrx_word' id='word_1_52' title='bbox 1000 720 1289 765; x_wconf 82' lang='lat' dir='ltr'><strong>transeuntes,</strong></span> <span class='ocrx_word' id='word_1_53' title='bbox 1309 714 1417 755; x_wconf 91' lang='lat' dir='ltr'><strong>dum</strong></span> <span class='ocrx_word' id='word_1_54' title='bbox 1447 728 1536 755; x_wconf 93' lang='lat' dir='ltr'><strong>non</strong></span> <span class='ocrx_word' id='word_1_55' title='bbox 1564 715 1627 755; x_wconf 89' lang='lat' dir='ltr'><strong>eis</strong></span> <span class='ocrx_word' id='word_1_56' title='bbox 1653 714 1802 769; x_wconf 90' lang='lat' dir='ltr'><strong>placet</strong></span> <span class='ocrx_word' id='word_1_57' title='bbox 1821 716 1941 769; x_wconf 89' lang='lat' dir='ltr'><strong>quod</strong></span> <span class='ocrx_word' id='word_1_58' title='bbox 1983 754 1991 757; x_wconf 24' lang='lat' dir='ltr'><strong>i</strong></span> 
     </span>
     <span class='ocr_line' id='line_1_7' title="bbox 134 794 1943 852; baseline -0.002 -12"><span class='ocrx_word' id='word_1_59' title='bbox 134 798 275 840; x_wconf 88' lang='lat' dir='ltr'><strong>semel</strong></span> <span class='ocrx_word' id='word_1_60' title='bbox 310 797 544 852; x_wconf 87' lang='lat' dir='ltr'><strong>reperiunt,</strong></span> <span class='ocrx_word' id='word_1_61' title='bbox 573 797 655 839; x_wconf 91' lang='lat' dir='ltr'><strong>sed</strong></span> <span class='ocrx_word' id='word_1_62' title='bbox 688 809 865 850; x_wconf 89' lang='lat' dir='ltr'><strong>semper</strong></span> <span class='ocrx_word' id='word_1_63' title='bbox 894 802 1044 837; x_wconf 88' lang='lat' dir='ltr'><strong>vetera</strong></span> <span class='ocrx_word' id='word_1_64' title='bbox 1079 800 1257 836; x_wconf 90' lang='lat' dir='ltr'><strong>mutant</strong></span> <span class='ocrx_word' id='word_1_65' title='bbox 1288 794 1425 845; x_wconf 88' lang='lat' dir='ltr'><strong>novis,</strong></span> <span class='ocrx_word' id='word_1_66' title='bbox 1458 801 1502 836; x_wconf 95' lang='lat' dir='ltr'><strong>et</strong></span> <span class='ocrx_word' id='word_1_67' title='bbox 1537 794 1809 837; x_wconf 88' lang='lat' dir='ltr'><strong>ethnicorum</strong></span> <span class='ocrx_word' id='word_1_68' title='bbox 1845 796 1943 836; x_wconf 88' lang='lat' dir='ltr'><strong>imi-</strong></span> 
     </span>
     <span class='ocr_line' id='line_1_8' title="bbox 134 875 1943 930; baseline -0.002 -10"><span class='ocrx_word' id='word_1_69' title='bbox 134 883 287 920; x_wconf 82' lang='lat' dir='ltr'><strong>tantur</strong></span> <span class='ocrx_word' id='word_1_70' title='bbox 308 891 487 920; x_wconf 70' lang='lat' dir='ltr'><strong>erroroe.</strong></span> <span class='ocrx_word' id='word_1_71' title='bbox 547 877 661 919; x_wconf 82' lang='lat' dir='ltr'><strong>Haec</strong></span> <span class='ocrx_word' id='word_1_72' title='bbox 693 876 886 919; x_wconf 89' lang='lat' dir='ltr'><strong>Sanctus</strong></span> <span class='ocrx_word' id='word_1_73' title='bbox 909 875 1160 929; x_wconf 76' lang='lat' dir='ltr'><strong>jeronimus</strong></span> <span class='ocrx_word' id='word_1_74' title='bbox 1190 889 1323 929; x_wconf 90' lang='lat' dir='ltr'><strong>super</strong></span> <span class='ocrx_word' id='word_1_75' title='bbox 1352 879 1437 917; x_wconf 87' lang='lat' dir='ltr'><strong>ca⁰.</strong></span> <span class='ocrx_word' id='word_1_76' title='bbox 1469 879 1515 928; x_wconf 91' lang='lat'><strong>9⁰</strong></span> <span class='ocrx_word' id='word_1_77' title='bbox 1546 875 1664 917; x_wconf 92' lang='lat' dir='ltr'><strong>Osee</strong></span> <span class='ocrx_word' id='word_1_78' title='bbox 1699 876 1943 930; x_wconf 85' lang='lat' dir='ltr'><strong>prophetae.</strong></span> 
     </span>
     <span class='ocr_line' id='line_1_9' title="bbox 138 955 1944 1011; baseline -0.001 -11"><span class='ocrx_word' id='word_1_79' title='bbox 138 958 268 1008; x_wconf 84' lang='lat' dir='ltr'><strong>Item,</strong></span> <span class='ocrx_word' id='word_1_80' title='bbox 292 957 488 1000; x_wconf 81' lang='lat' dir='ltr'><strong>haeretici</strong></span> <span class='ocrx_word' id='word_1_81' title='bbox 511 957 647 999; x_wconf 87' lang='lat' dir='ltr'><strong>verba</strong></span> <span class='ocrx_word' id='word_1_82' title='bbox 672 957 900 1011; x_wconf 72' lang='lat' dir='ltr'><strong>scripturae</strong></span> <span class='ocrx_word' id='word_1_83' title='bbox 926 969 1062 998; x_wconf 83' lang='lat' dir='ltr'><strong>sacrae</strong></span> <span class='ocrx_word' id='word_1_84' title='bbox 1089 955 1144 997; x_wconf 88' lang='lat' dir='ltr'><strong>de</strong></span> <span class='ocrx_word' id='word_1_85' title='bbox 1172 956 1359 1010; x_wconf 86' lang='lat' dir='ltr'><strong>propriis</strong></span> <span class='ocrx_word' id='word_1_86' title='bbox 1385 963 1611 997; x_wconf 90' lang='lat' dir='ltr'><strong>sumentes</strong></span> <span class='ocrx_word' id='word_1_87' title='bbox 1638 956 1756 1008; x_wconf 89' lang='lat' dir='ltr'><strong>locis,</strong></span> <span class='ocrx_word' id='word_1_88' title='bbox 1781 970 1944 999; x_wconf 90' lang='lat' dir='ltr'><strong>conan-</strong></span> 
     </span>
     <span class='ocr_line' id='line_1_10' title="bbox 136 1036 1945 1092; baseline -0.001 -11"><span class='ocrx_word' id='word_1_89' title='bbox 136 1045 211 1081; x_wconf 86' lang='lat' dir='ltr'><strong>tur</strong></span> <span class='ocrx_word' id='word_1_90' title='bbox 237 1051 424 1090; x_wconf 84' lang='lat' dir='ltr'><strong>assuere,</strong></span> <span class='ocrx_word' id='word_1_91' title='bbox 453 1038 531 1080; x_wconf 73' lang='lat' dir='ltr'><strong>Le.</strong></span> <span class='ocrx_word' id='word_1_92' title='bbox 558 1037 783 1092; x_wconf 87' lang='lat' dir='ltr'><strong>applicare</strong></span> <span class='ocrx_word' id='word_1_93' title='bbox 810 1037 1012 1079; x_wconf 87' lang='lat' dir='ltr'><strong>sensibus</strong></span> <span class='ocrx_word' id='word_1_94' title='bbox 1042 1036 1129 1077; x_wconf 84' lang='lat' dir='ltr'><strong>inis</strong></span> <span class='ocrx_word' id='word_1_95' title='bbox 1158 1036 1319 1090; x_wconf 92' lang='lat' dir='ltr'><strong>quibus</strong></span> <span class='ocrx_word' id='word_1_96' title='bbox 1348 1050 1438 1077; x_wconf 90' lang='lat' dir='ltr'><strong>non</strong></span> <span class='ocrx_word' id='word_1_97' title='bbox 1469 1037 1674 1078; x_wconf 90' lang='lat' dir='ltr'><strong>convenit</strong></span> <span class='ocrx_word' id='word_1_98' title='bbox 1706 1036 1782 1078; x_wconf 92' lang='lat' dir='ltr'><strong>illa</strong></span> <span class='ocrx_word' id='word_1_99' title='bbox 1810 1038 1945 1079; x_wconf 90' lang='lat' dir='ltr'><strong>verba</strong></span> 
     </span>
     <span class='ocr_line' id='line_1_11' title="bbox 137 1117 1946 1173; baseline -0.001 -12"><span class='ocrx_word' id='word_1_100' title='bbox 137 1118 349 1173; x_wconf 80' lang='lat' dir='ltr'><strong>cooptari,</strong></span> <span class='ocrx_word' id='word_1_101' title='bbox 381 1119 411 1160; x_wconf 90' lang='lat' dir='ltr'><strong>i.</strong></span> <span class='ocrx_word' id='word_1_102' title='bbox 424 1133 465 1160; x_wconf 86' lang='lat' dir='ltr'><strong>e.</strong></span> <span class='ocrx_word' id='word_1_103' title='bbox 497 1118 719 1173; x_wconf 86' lang='lat' dir='ltr'><strong>applicari,</strong></span> <span class='ocrx_word' id='word_1_104' title='bbox 756 1124 803 1160; x_wconf 92' lang='lat' dir='ltr'><strong>et</strong></span> <span class='ocrx_word' id='word_1_105' title='bbox 836 1118 1110 1159; x_wconf 89' lang='lat' dir='ltr'><strong>sentenciam</strong></span> <span class='ocrx_word' id='word_1_106' title='bbox 1148 1118 1194 1158; x_wconf 90' lang='lat' dir='ltr'><strong>in</strong></span> <span class='ocrx_word' id='word_1_107' title='bbox 1232 1131 1315 1159; x_wconf 88' lang='lat' dir='ltr'><strong>suo</strong></span> <span class='ocrx_word' id='word_1_108' title='bbox 1354 1117 1453 1159; x_wconf 87' lang='lat' dir='ltr'><strong>loco</strong></span> <span class='ocrx_word' id='word_1_109' title='bbox 1492 1117 1616 1159; x_wconf 88' lang='lat' dir='ltr'><strong>alteri</strong></span> <span class='ocrx_word' id='word_1_110' title='bbox 1655 1120 1802 1159; x_wconf 89' lang='lat' dir='ltr'><strong>sensui</strong></span> <span class='ocrx_word' id='word_1_111' title='bbox 1841 1133 1946 1160; x_wconf 89' lang='lat' dir='ltr'><strong>con-</strong></span> 
     </span>
     <span class='ocr_line' id='line_1_12' title="bbox 137 1195 1946 1254; baseline -0.001 -12"><span class='ocrx_word' id='word_1_112' title='bbox 137 1204 371 1254; x_wconf 84' lang='lat' dir='ltr'><strong>gmentem</strong></span> <span class='ocrx_word' id='word_1_113' title='bbox 407 1198 533 1241; x_wconf 87' lang='lat' dir='ltr'><strong>alteri</strong></span> <span class='ocrx_word' id='word_1_114' title='bbox 571 1199 773 1241; x_wconf 86' lang='lat' dir='ltr'><strong>nituntur</strong></span> <span class='ocrx_word' id='word_1_115' title='bbox 810 1212 997 1250; x_wconf 85' lang='lat' dir='ltr'><strong>assuere,</strong></span> <span class='ocrx_word' id='word_1_116' title='bbox 1033 1198 1060 1240; x_wconf 91' lang='lat' dir='ltr'><strong>i.</strong></span> <span class='ocrx_word' id='word_1_117' title='bbox 1073 1212 1112 1239; x_wconf 91' lang='lat' dir='ltr'><strong>e.</strong></span> <span class='ocrx_word' id='word_1_118' title='bbox 1152 1197 1387 1252; x_wconf 85' lang='lat' dir='ltr'><strong>applicare.</strong></span> <span class='ocrx_word' id='word_1_119' title='bbox 1460 1195 1576 1239; x_wconf 90' lang='lat' dir='ltr'><strong>Cum</strong></span> <span class='ocrx_word' id='word_1_120' title='bbox 1617 1198 1800 1240; x_wconf 88' lang='lat' dir='ltr'><strong>Domini</strong></span> <span class='ocrx_word' id='word_1_121' title='bbox 1839 1199 1946 1253; x_wconf 91' lang='lat' dir='ltr'><strong>Jesu</strong></span> 
     </span>
     <span class='ocr_line' id='line_1_13' title="bbox 138 1279 1947 1335; baseline -0.001 -13"><span class='ocrx_word' id='word_1_122' title='bbox 138 1279 289 1323; x_wconf 79' lang='lat' dir='ltr'><strong>tunica</strong></span> <span class='ocrx_word' id='word_1_123' title='bbox 307 1280 496 1335; x_wconf 80' lang='lat' dir='ltr'><strong>desuper</strong></span> <span class='ocrx_word' id='word_1_124' title='bbox 522 1286 735 1322; x_wconf 80' lang='lat' dir='ltr'><strong>oontexta</strong></span> <span class='ocrx_word' id='word_1_125' title='bbox 764 1294 845 1334; x_wconf 90' lang='lat' dir='ltr'><strong>per</strong></span> <span class='ocrx_word' id='word_1_126' title='bbox 870 1286 1016 1321; x_wconf 90' lang='lat' dir='ltr'><strong>totum</strong></span> <span class='ocrx_word' id='word_1_127' title='bbox 1046 1279 1187 1320; x_wconf 88' lang='lat' dir='ltr'><strong>scindi</strong></span> <span class='ocrx_word' id='word_1_128' title='bbox 1210 1279 1391 1320; x_wconf 91' lang='lat' dir='ltr'><strong>omnino</strong></span> <span class='ocrx_word' id='word_1_129' title='bbox 1423 1291 1512 1320; x_wconf 90' lang='lat' dir='ltr'><strong>non</strong></span> <span class='ocrx_word' id='word_1_130' title='bbox 1540 1280 1691 1333; x_wconf 90' lang='lat' dir='ltr'><strong>possit,</strong></span> <span class='ocrx_word' id='word_1_131' title='bbox 1712 1280 1792 1321; x_wconf 91' lang='lat' dir='ltr'><strong>sed</strong></span> <span class='ocrx_word' id='word_1_132' title='bbox 1819 1286 1947 1326; x_wconf 85' lang='lat' dir='ltr'><strong>texta</strong></span> 
     </span>
     <span class='ocr_line' id='line_1_14' title="bbox 140 1359 1174 1414; baseline -0.002 -12"><span class='ocrx_word' id='word_1_133' title='bbox 140 1359 311 1414; x_wconf 84' lang='lat' dir='ltr'><strong>Spiritu</strong></span> <span class='ocrx_word' id='word_1_134' title='bbox 330 1359 498 1403; x_wconf 89' lang='lat' dir='ltr'><strong>Sancto</strong></span> <span class='ocrx_word' id='word_1_135' title='bbox 517 1360 684 1405; x_wconf 89' lang='lat' dir='ltr'><strong>nullam</strong></span> <span class='ocrx_word' id='word_1_136' title='bbox 703 1361 886 1414; x_wconf 85' lang='lat' dir='ltr'><strong>recipiat</strong></span> <span class='ocrx_word' id='word_1_137' title='bbox 906 1360 1174 1401; x_wconf 90' lang='lat' dir='ltr'><strong>scissionem.</strong></span> 
     </span>
    </p>

    <p class='ocr_par' dir='ltr' id='par_1_3' title="bbox 141 1440 1949 1578">
     <span class='ocr_line' id='line_1_15' title="bbox 256 1440 1949 1495; baseline 0.002 -13"><span class='ocrx_word' id='word_1_138' title='bbox 256 1440 385 1493; x_wconf 87' lang='lat' dir='ltr'><strong>Item,</strong></span> <span class='ocrx_word' id='word_1_139' title='bbox 412 1441 609 1484; x_wconf 85' lang='lat' dir='ltr'><strong>haeretici</strong></span> <span class='ocrx_word' id='word_1_140' title='bbox 638 1441 829 1495; x_wconf 87' lang='lat' dir='ltr'><strong>diligunt</strong></span> <span class='ocrx_word' id='word_1_141' title='bbox 859 1440 1099 1489; x_wconf 90' lang='lat' dir='ltr'><strong>libidinem,</strong></span> <span class='ocrx_word' id='word_1_142' title='bbox 1133 1440 1310 1482; x_wconf 88' lang='lat' dir='ltr'><strong>difficile</strong></span> <span class='ocrx_word' id='word_1_143' title='bbox 1346 1441 1463 1482; x_wconf 91' lang='lat' dir='ltr'><strong>enim</strong></span> <span class='ocrx_word' id='word_1_144' title='bbox 1495 1448 1564 1483; x_wconf 91' lang='lat' dir='ltr'><strong>est</strong></span> <span class='ocrx_word' id='word_1_145' title='bbox 1595 1443 1851 1485; x_wconf 82' lang='lat' dir='ltr'><strong>haereticum</strong></span> <span class='ocrx_word' id='word_1_146' title='bbox 1883 1458 1949 1485; x_wconf 90' lang='lat' dir='ltr'><strong>re-</strong></span> 
     </span>
     <span class='ocr_line' id='line_1_16' title="bbox 141 1522 1890 1578; baseline 0.001 -13"><span class='ocrx_word' id='word_1_147' title='bbox 141 1522 271 1578; x_wconf 72' lang='lat' dir='ltr'><strong>periri</strong></span> <span class='ocrx_word' id='word_1_148' title='bbox 301 1523 379 1577; x_wconf 85' lang='lat' dir='ltr'><strong>qui</strong></span> <span class='ocrx_word' id='word_1_149' title='bbox 409 1522 567 1578; x_wconf 88' lang='lat' dir='ltr'><strong>diligat</strong></span> <span class='ocrx_word' id='word_1_150' title='bbox 598 1523 862 1573; x_wconf 83' lang='lat' dir='ltr'><strong>castitatem,</strong></span> <span class='ocrx_word' id='word_1_151' title='bbox 894 1535 983 1563; x_wconf 91' lang='lat' dir='ltr'><strong>non</strong></span> <span class='ocrx_word' id='word_1_152' title='bbox 1016 1523 1137 1575; x_wconf 87' lang='lat' dir='ltr'><strong>quod</strong></span> <span class='ocrx_word' id='word_1_153' title='bbox 1170 1535 1268 1563; x_wconf 62' lang='lat' dir='ltr'><strong>eam</strong></span> <span class='ocrx_word' id='word_1_154' title='bbox 1299 1523 1504 1576; x_wconf 83' lang='lat' dir='ltr'><strong>praeferre</strong></span> <span class='ocrx_word' id='word_1_155' title='bbox 1535 1525 1720 1566; x_wconf 88' lang='lat' dir='ltr'><strong>desistat</strong></span> <span class='ocrx_word' id='word_1_156' title='bbox 1751 1525 1890 1567; x_wconf 90' lang='lat' dir='ltr'><strong>labiis.</strong></span> 
     </span>
    </p>

    <p class='ocr_par' dir='ltr' id='par_1_4' title="bbox 141 1603 1947 1738">
     <span class='ocr_line' id='line_1_17' title="bbox 258 1603 1947 1659; baseline 0.004 -15"><span class='ocrx_word' id='word_1_157' title='bbox 258 1603 387 1652; x_wconf 90' lang='lat' dir='ltr'><strong>Item,</strong></span> <span class='ocrx_word' id='word_1_158' title='bbox 418 1617 573 1647; x_wconf 88' lang='lat' dir='ltr'><strong>omnes</strong></span> <span class='ocrx_word' id='word_1_159' title='bbox 610 1603 807 1645; x_wconf 86' lang='lat' dir='ltr'><strong>haeretici</strong></span> <span class='ocrx_word' id='word_1_160' title='bbox 847 1603 998 1644; x_wconf 89' lang='lat' dir='ltr'><strong>labore</strong></span> <span class='ocrx_word' id='word_1_161' title='bbox 1037 1603 1175 1644; x_wconf 89' lang='lat' dir='ltr'><strong>nimio</strong></span> <span class='ocrx_word' id='word_1_162' title='bbox 1209 1617 1262 1645; x_wconf 93' lang='lat' dir='ltr'><strong>ac</strong></span> <span class='ocrx_word' id='word_1_163' title='bbox 1298 1604 1449 1645; x_wconf 91' lang='lat' dir='ltr'><strong>dolore</strong></span> <span class='ocrx_word' id='word_1_164' title='bbox 1484 1607 1711 1659; x_wconf 66' lang='lat' dir='ltr'><strong>quaerendi</strong></span> <span class='ocrx_word' id='word_1_165' title='bbox 1748 1608 1947 1649; x_wconf 88' lang='lat' dir='ltr'><strong>ordinem</strong></span> 
     </span>
     <span class='ocr_line' id='line_1_18' title="bbox 141 1683 1666 1738; baseline 0.001 -11"><span class='ocrx_word' id='word_1_166' title='bbox 141 1683 339 1738; x_wconf 76' lang='lat' dir='ltr'><strong>aliquem</strong></span> <span class='ocrx_word' id='word_1_167' title='bbox 369 1691 416 1727; x_wconf 91' lang='lat' dir='ltr'><strong>et</strong></span> <span class='ocrx_word' id='word_1_168' title='bbox 444 1685 811 1738; x_wconf 90' lang='lat' dir='ltr'><strong>consequenciam</strong></span> <span class='ocrx_word' id='word_1_169' title='bbox 840 1683 1019 1724; x_wconf 83' lang='lat' dir='ltr'><strong>haeresis</strong></span> <span class='ocrx_word' id='word_1_170' title='bbox 1047 1698 1129 1725; x_wconf 86' lang='lat' dir='ltr'><strong>sua</strong></span> <span class='ocrx_word' id='word_1_171' title='bbox 1158 1684 1347 1738; x_wconf 91' lang='lat' dir='ltr'><strong>reperire</strong></span> <span class='ocrx_word' id='word_1_172' title='bbox 1374 1685 1522 1727; x_wconf 87' lang='lat' dir='ltr'><strong>conati</strong></span> <span class='ocrx_word' id='word_1_173' title='bbox 1551 1693 1666 1728; x_wconf 92' lang='lat' dir='ltr'><strong>sunt.</strong></span> 
     </span>
    </p>

    <p class='ocr_par' dir='ltr' id='par_1_5' title="bbox 156 1747 1948 1818">
     <span class='ocr_line' id='line_1_19' title="bbox 156 1747 1948 1818; baseline 0.003 -13"><span class='ocrx_word' id='word_1_174' title='bbox 156 1747 164 1751; x_wconf 83' lang='lat'><strong>-</strong></span> <span class='ocrx_word' id='word_1_175' title='bbox 257 1763 389 1815; x_wconf 80' lang='lat' dir='ltr'><strong>Item,</strong></span> <span class='ocrx_word' id='word_1_176' title='bbox 417 1764 613 1806; x_wconf 82' lang='lat' dir='ltr'><strong>haeretici</strong></span> <span class='ocrx_word' id='word_1_177' title='bbox 645 1778 747 1818; x_wconf 83' lang='lat' dir='ltr'><strong>quae</strong></span> <span class='ocrx_word' id='word_1_178' title='bbox 780 1764 897 1805; x_wconf 89' lang='lat' dir='ltr'><strong>male</strong></span> <span class='ocrx_word' id='word_1_179' title='bbox 929 1764 986 1804; x_wconf 92' lang='lat' dir='ltr'><strong>ab</strong></span> <span class='ocrx_word' id='word_1_180' title='bbox 1019 1763 1116 1805; x_wconf 88' lang='lat' dir='ltr'><strong>aliis</strong></span> <span class='ocrx_word' id='word_1_181' title='bbox 1146 1764 1324 1806; x_wconf 88' lang='lat' dir='ltr'><strong>inventa</strong></span> <span class='ocrx_word' id='word_1_182' title='bbox 1353 1771 1457 1806; x_wconf 87' lang='lat' dir='ltr'><strong>sunt</strong></span> <span class='ocrx_word' id='word_1_183' title='bbox 1486 1766 1692 1808; x_wconf 86' lang='lat' dir='ltr'><strong>roborare</strong></span> <span class='ocrx_word' id='word_1_184' title='bbox 1721 1776 1948 1810; x_wconf 87' lang='lat' dir='ltr'><strong>conantur.</strong></span> 
     </span>
    </p>

    <p class='ocr_par' dir='ltr' id='par_1_6' title="bbox 145 1842 1951 2058">
     <span class='ocr_line' id='line_1_20' title="bbox 265 1842 1950 1900; baseline 0.004 -16"><span class='ocrx_word' id='word_1_185' title='bbox 265 1842 395 1895; x_wconf 88' lang='lat' dir='ltr'><strong>Item,</strong></span> <span class='ocrx_word' id='word_1_186' title='bbox 421 1843 621 1887; x_wconf 83' lang='lat' dir='ltr'><strong>haeretici</strong></span> <span class='ocrx_word' id='word_1_187' title='bbox 638 1850 743 1886; x_wconf 87' lang='lat' dir='ltr'><strong>sunt</strong></span> <span class='ocrx_word' id='word_1_188' title='bbox 772 1845 890 1886; x_wconf 91' lang='lat' dir='ltr'><strong>acuti</strong></span> <span class='ocrx_word' id='word_1_189' title='bbox 916 1857 1071 1884; x_wconf 89' lang='lat' dir='ltr'><strong>sensus</strong></span> <span class='ocrx_word' id='word_1_190' title='bbox 1103 1850 1149 1885; x_wconf 93' lang='lat' dir='ltr'><strong>et</strong></span> <span class='ocrx_word' id='word_1_191' title='bbox 1179 1845 1374 1886; x_wconf 88' lang='lat' dir='ltr'><strong>ardentis</strong></span> <span class='ocrx_word' id='word_1_192' title='bbox 1402 1846 1578 1900; x_wconf 89' lang='lat' dir='ltr'><strong>ingenii.</strong></span> <span class='ocrx_word' id='word_1_193' title='bbox 1638 1847 1800 1890; x_wconf 91' lang='lat' dir='ltr'><strong>Nullus</strong></span> <span class='ocrx_word' id='word_1_194' title='bbox 1832 1850 1950 1891; x_wconf 89' lang='lat' dir='ltr'><strong>enim</strong></span> 
     </span>
     <span class='ocr_line' id='line_1_21' title="bbox 145 1922 1951 1980; baseline 0.004 -16"><span class='ocrx_word' id='word_1_195' title='bbox 145 1927 297 1976; x_wconf 65' lang='lat' dir='ltr'><strong>potaet</strong></span> <span class='ocrx_word' id='word_1_196' title='bbox 329 1922 534 1966; x_wconf 63' lang='lat' dir='ltr'><strong>haeroeim</strong></span> <span class='ocrx_word' id='word_1_197' title='bbox 569 1930 738 1966; x_wconf 89' lang='lat' dir='ltr'><strong>struere</strong></span> <span class='ocrx_word' id='word_1_198' title='bbox 776 1925 860 1965; x_wconf 89' lang='lat' dir='ltr'><strong>nisi</strong></span> <span class='ocrx_word' id='word_1_199' title='bbox 899 1925 975 1978; x_wconf 88' lang='lat' dir='ltr'><strong>qui</strong></span> <span class='ocrx_word' id='word_1_200' title='bbox 1015 1925 1210 1966; x_wconf 88' lang='lat' dir='ltr'><strong>ardentis</strong></span> <span class='ocrx_word' id='word_1_201' title='bbox 1249 1925 1410 1980; x_wconf 88' lang='lat' dir='ltr'><strong>ingenii</strong></span> <span class='ocrx_word' id='word_1_202' title='bbox 1452 1933 1532 1978; x_wconf 90' lang='lat' dir='ltr'><strong>est,</strong></span> <span class='ocrx_word' id='word_1_203' title='bbox 1571 1936 1617 1970; x_wconf 91' lang='lat' dir='ltr'><strong>et</strong></span> <span class='ocrx_word' id='word_1_204' title='bbox 1658 1928 1794 1970; x_wconf 91' lang='lat' dir='ltr'><strong>habet</strong></span> <span class='ocrx_word' id='word_1_205' title='bbox 1832 1930 1951 1971; x_wconf 88' lang='lat' dir='ltr'><strong>bona</strong></span> 
     </span>
     <span class='ocr_line' id='line_1_22' title="bbox 146 2003 1175 2058; baseline 0.001 -14"><span class='ocrx_word' id='word_1_206' title='bbox 146 2007 331 2054; x_wconf 68' lang='lat' dir='ltr'><strong>naturae,</strong></span> <span class='ocrx_word' id='word_1_207' title='bbox 355 2015 459 2058; x_wconf 79' lang='lat' dir='ltr'><strong>quae</strong></span> <span class='ocrx_word' id='word_1_208' title='bbox 488 2018 519 2051; x_wconf 79' lang='lat' dir='ltr'><strong>a</strong></span> <span class='ocrx_word' id='word_1_209' title='bbox 549 2004 652 2046; x_wconf 91' lang='lat' dir='ltr'><strong>Deo</strong></span> <span class='ocrx_word' id='word_1_210' title='bbox 682 2003 851 2046; x_wconf 87' lang='lat' dir='ltr'><strong>artifice</strong></span> <span class='ocrx_word' id='word_1_211' title='bbox 880 2010 1028 2046; x_wconf 88' lang='lat' dir='ltr'><strong>creata</strong></span> <span class='ocrx_word' id='word_1_212' title='bbox 1058 2010 1175 2045; x_wconf 71' lang='lat' dir='ltr'><strong>sunt,</strong></span> 
     </span>
    </p>

    <p class='ocr_par' dir='ltr' id='par_1_7' title="bbox 148 2081 1953 2862">
     <span class='ocr_line' id='line_1_23' title="bbox 265 2081 1949 2143; baseline 0.004 -18"><span class='ocrx_word' id='word_1_213' title='bbox 265 2081 477 2129; x_wconf 69' lang='lat' dir='ltr'><strong>Haetetici</strong></span> <span class='ocrx_word' id='word_1_214' title='bbox 508 2085 821 2130; x_wconf 86' lang='lat' dir='ltr'><strong>assimulantur</strong></span> <span class='ocrx_word' id='word_1_215' title='bbox 854 2085 1049 2136; x_wconf 87' lang='lat' dir='ltr'><strong>locustae,</strong></span> <span class='ocrx_word' id='word_1_216' title='bbox 1083 2099 1184 2138; x_wconf 79' lang='lat' dir='ltr'><strong>quae</strong></span> <span class='ocrx_word' id='word_1_217' title='bbox 1217 2086 1366 2129; x_wconf 86' lang='lat' dir='ltr'><strong>volare</strong></span> <span class='ocrx_word' id='word_1_218' title='bbox 1405 2102 1493 2130; x_wconf 90' lang='lat' dir='ltr'><strong>non</strong></span> <span class='ocrx_word' id='word_1_219' title='bbox 1528 2096 1677 2143; x_wconf 88' lang='lat' dir='ltr'><strong>potest</strong></span> <span class='ocrx_word' id='word_1_220' title='bbox 1717 2090 1761 2130; x_wconf 90' lang='lat' dir='ltr'><strong>in</strong></span> <span class='ocrx_word' id='word_1_221' title='bbox 1795 2090 1949 2141; x_wconf 87' lang='lat' dir='ltr'><strong>altum,</strong></span> 
     </span>
     <span class='ocr_line' id='line_1_24' title="bbox 148 2163 1952 2223; baseline 0.004 -19"><span class='ocrx_word' id='word_1_222' title='bbox 148 2163 352 2216; x_wconf 88' lang='lat' dir='ltr'><strong>quamvis</strong></span> <span class='ocrx_word' id='word_1_223' title='bbox 373 2163 432 2205; x_wconf 88' lang='lat' dir='ltr'><strong>de</strong></span> <span class='ocrx_word' id='word_1_224' title='bbox 457 2169 575 2206; x_wconf 82' lang='lat' dir='ltr'><strong>ten-a</strong></span> <span class='ocrx_word' id='word_1_225' title='bbox 602 2164 757 2207; x_wconf 87' lang='lat' dir='ltr'><strong>exilire</strong></span> <span class='ocrx_word' id='word_1_226' title='bbox 786 2165 951 2214; x_wconf 89' lang='lat' dir='ltr'><strong>nititur,</strong></span> <span class='ocrx_word' id='word_1_227' title='bbox 983 2171 1029 2206; x_wconf 91' lang='lat' dir='ltr'><strong>et</strong></span> <span class='ocrx_word' id='word_1_228' title='bbox 1059 2165 1366 2208; x_wconf 88' lang='lat' dir='ltr'><strong>deficientibus</strong></span> <span class='ocrx_word' id='word_1_229' title='bbox 1396 2170 1552 2223; x_wconf 90' lang='lat' dir='ltr'><strong>pennis</strong></span> <span class='ocrx_word' id='word_1_230' title='bbox 1585 2177 1630 2211; x_wconf 93' lang='lat' dir='ltr'><strong>et</strong></span> <span class='ocrx_word' id='word_1_231' title='bbox 1659 2169 1818 2223; x_wconf 88' lang='lat' dir='ltr'><strong>frigore</strong></span> <span class='ocrx_word' id='word_1_232' title='bbox 1848 2184 1952 2212; x_wconf 54' lang='lat' dir='ltr'><strong>con*</strong></span> 
     </span>
     <span class='ocr_line' id='line_1_25' title="bbox 149 2242 1950 2300; baseline 0.004 -17"><span class='ocrx_word' id='word_1_233' title='bbox 149 2242 315 2294; x_wconf 84' lang='lat' dir='ltr'><strong>tractis,</strong></span> <span class='ocrx_word' id='word_1_234' title='bbox 333 2242 536 2286; x_wconf 81' lang='lat' dir='ltr'><strong>concidet</strong></span> <span class='ocrx_word' id='word_1_235' title='bbox 559 2244 607 2286; x_wconf 85' lang='lat' dir='ltr'><strong>in</strong></span> <span class='ocrx_word' id='word_1_236' title='bbox 631 2258 749 2298; x_wconf 89' lang='lat' dir='ltr'><strong>sepe,</strong></span> <span class='ocrx_word' id='word_1_237' title='bbox 769 2245 814 2286; x_wconf 90' lang='lat' dir='ltr'><strong>in</strong></span> <span class='ocrx_word' id='word_1_238' title='bbox 841 2245 1054 2294; x_wconf 91' lang='lat' dir='ltr'><strong>sentibus,</strong></span> <span class='ocrx_word' id='word_1_239' title='bbox 1075 2251 1121 2286; x_wconf 93' lang='lat' dir='ltr'><strong>et</strong></span> <span class='ocrx_word' id='word_1_240' title='bbox 1143 2246 1358 2300; x_wconf 87' lang='lat' dir='ltr'><strong>virgultis,</strong></span> <span class='ocrx_word' id='word_1_241' title='bbox 1379 2249 1451 2290; x_wconf 93' lang='lat' dir='ltr'><strong>vel</strong></span> <span class='ocrx_word' id='word_1_242' title='bbox 1478 2250 1522 2290; x_wconf 90' lang='lat' dir='ltr'><strong>in</strong></span> <span class='ocrx_word' id='word_1_243' title='bbox 1549 2250 1738 2291; x_wconf 87' lang='lat' dir='ltr'><strong>maceria</strong></span> <span class='ocrx_word' id='word_1_244' title='bbox 1768 2250 1950 2292; x_wconf 85' lang='lat' dir='ltr'><strong>fortuitu</strong></span> 
     </span>
     <span class='ocr_line' id='line_1_26' title="bbox 149 2321 1952 2384; baseline 0.005 -21"><span class='ocrx_word' id='word_1_245' title='bbox 149 2321 254 2364; x_wconf 84' lang='lat' dir='ltr'><strong>hinc</strong></span> <span class='ocrx_word' id='word_1_246' title='bbox 287 2322 392 2364; x_wconf 86' lang='lat' dir='ltr'><strong>inde</strong></span> <span class='ocrx_word' id='word_1_247' title='bbox 422 2321 573 2377; x_wconf 83' lang='lat' dir='ltr'><strong>lapide</strong></span> <span class='ocrx_word' id='word_1_248' title='bbox 604 2326 864 2379; x_wconf 87' lang='lat' dir='ltr'><strong>composita.</strong></span> <span class='ocrx_word' id='word_1_249' title='bbox 925 2325 1000 2370; x_wconf 84' lang='lat' dir='ltr'><strong>Sic</strong></span> <span class='ocrx_word' id='word_1_250' title='bbox 1035 2325 1232 2368; x_wconf 83' lang='lat' dir='ltr'><strong>haeretici</strong></span> <span class='ocrx_word' id='word_1_251' title='bbox 1267 2327 1313 2368; x_wconf 89' lang='lat' dir='ltr'><strong>in</strong></span> <span class='ocrx_word' id='word_1_252' title='bbox 1350 2328 1492 2373; x_wconf 80' lang='lat' dir='ltr'><strong>altum</strong></span> <span class='ocrx_word' id='word_1_253' title='bbox 1528 2343 1616 2370; x_wconf 91' lang='lat' dir='ltr'><strong>non</strong></span> <span class='ocrx_word' id='word_1_254' title='bbox 1651 2330 1813 2380; x_wconf 83' lang='lat' dir='ltr'><strong>volant,</strong></span> <span class='ocrx_word' id='word_1_255' title='bbox 1849 2332 1952 2384; x_wconf 90' lang='lat' dir='ltr'><strong>quia</strong></span> 
     </span>
     <span class='ocr_line' id='line_1_27' title="bbox 149 2401 1953 2460; baseline 0.006 -18"><span class='ocrx_word' id='word_1_256' title='bbox 149 2414 331 2443; x_wconf 87' lang='lat' dir='ltr'><strong>sensum</strong></span> <span class='ocrx_word' id='word_1_257' title='bbox 349 2401 547 2444; x_wconf 87' lang='lat' dir='ltr'><strong>divinum</strong></span> <span class='ocrx_word' id='word_1_258' title='bbox 573 2417 663 2446; x_wconf 87' lang='lat' dir='ltr'><strong>non</strong></span> <span class='ocrx_word' id='word_1_259' title='bbox 686 2406 878 2459; x_wconf 86' lang='lat' dir='ltr'><strong>capiunt,</strong></span> <span class='ocrx_word' id='word_1_260' title='bbox 898 2406 978 2447; x_wconf 90' lang='lat' dir='ltr'><strong>sed</strong></span> <span class='ocrx_word' id='word_1_261' title='bbox 1003 2405 1247 2447; x_wconf 86' lang='lat' dir='ltr'><strong>humanum</strong></span> <span class='ocrx_word' id='word_1_262' title='bbox 1274 2414 1320 2449; x_wconf 92' lang='lat' dir='ltr'><strong>et</strong></span> <span class='ocrx_word' id='word_1_263' title='bbox 1345 2410 1577 2460; x_wconf 89' lang='lat' dir='ltr'><strong>erronium,</strong></span> <span class='ocrx_word' id='word_1_264' title='bbox 1599 2416 1644 2451; x_wconf 91' lang='lat' dir='ltr'><strong>et</strong></span> <span class='ocrx_word' id='word_1_265' title='bbox 1671 2424 1757 2450; x_wconf 91' lang='lat' dir='ltr'><strong>non</strong></span> <span class='ocrx_word' id='word_1_266' title='bbox 1785 2409 1953 2453; x_wconf 89' lang='lat' dir='ltr'><strong>habent</strong></span> 
     </span>
     <span class='ocr_line' id='line_1_28' title="bbox 153 2481 1952 2540; baseline 0.004 -16"><span class='ocrx_word' id='word_1_267' title='bbox 153 2481 346 2524; x_wconf 83' lang='lat' dir='ltr'><strong>calorem</strong></span> <span class='ocrx_word' id='word_1_268' title='bbox 385 2481 492 2524; x_wconf 85' lang='lat' dir='ltr'><strong>solis</strong></span> <span class='ocrx_word' id='word_1_269' title='bbox 527 2482 731 2536; x_wconf 83' lang='lat' dir='ltr'><strong>justiciae‚</strong></span> <span class='ocrx_word' id='word_1_270' title='bbox 765 2485 1027 2539; x_wconf 82' lang='lat' dir='ltr'><strong>frigescente</strong></span> <span class='ocrx_word' id='word_1_271' title='bbox 1069 2486 1115 2527; x_wconf 92' lang='lat' dir='ltr'><strong>in</strong></span> <span class='ocrx_word' id='word_1_272' title='bbox 1155 2487 1219 2527; x_wconf 82' lang='lat' dir='ltr'><strong>eis</strong></span> <span class='ocrx_word' id='word_1_273' title='bbox 1260 2487 1441 2530; x_wconf 90' lang='lat' dir='ltr'><strong>Domini</strong></span> <span class='ocrx_word' id='word_1_274' title='bbox 1484 2490 1675 2540; x_wconf 85' lang='lat' dir='ltr'><strong>caritate,</strong></span> <span class='ocrx_word' id='word_1_275' title='bbox 1710 2490 1868 2531; x_wconf 90' lang='lat' dir='ltr'><strong>sedent</strong></span> <span class='ocrx_word' id='word_1_276' title='bbox 1907 2492 1952 2532; x_wconf 91' lang='lat' dir='ltr'><strong>in</strong></span> 
     </span>
     <span class='ocr_line' id='line_1_29' title="bbox 152 2558 1953 2620; baseline 0.005 -18"><span class='ocrx_word' id='word_1_277' title='bbox 152 2558 343 2616; x_wconf 84' lang='lat' dir='ltr'><strong>spinosis</strong></span> <span class='ocrx_word' id='word_1_278' title='bbox 373 2562 562 2612; x_wconf 84' lang='lat' dir='ltr'><strong>sedibus,</strong></span> <span class='ocrx_word' id='word_1_279' title='bbox 591 2563 697 2617; x_wconf 87' lang='lat' dir='ltr'><strong>quia</strong></span> <span class='ocrx_word' id='word_1_280' title='bbox 726 2578 830 2606; x_wconf 89' lang='lat' dir='ltr'><strong>cum</strong></span> <span class='ocrx_word' id='word_1_281' title='bbox 859 2565 990 2619; x_wconf 85' lang='lat' dir='ltr'><strong>friget</strong></span> <span class='ocrx_word' id='word_1_282' title='bbox 1022 2580 1100 2620; x_wconf 90' lang='lat' dir='ltr'><strong>per</strong></span> <span class='ocrx_word' id='word_1_283' title='bbox 1130 2566 1352 2609; x_wconf 82' lang='lat' dir='ltr'><strong>desectum</strong></span> <span class='ocrx_word' id='word_1_284' title='bbox 1385 2570 1573 2617; x_wconf 89' lang='lat' dir='ltr'><strong>virtutis,</strong></span> <span class='ocrx_word' id='word_1_285' title='bbox 1603 2575 1649 2610; x_wconf 87' lang='lat' dir='ltr'><strong>et</strong></span> <span class='ocrx_word' id='word_1_286' title='bbox 1682 2568 1831 2610; x_wconf 89' lang='lat' dir='ltr'><strong>volare</strong></span> <span class='ocrx_word' id='word_1_287' title='bbox 1863 2584 1953 2612; x_wconf 90' lang='lat' dir='ltr'><strong>non</strong></span> 
     </span>
     <span class='ocr_line' id='line_1_30' title="bbox 153 2641 1952 2702; baseline 0.006 -20"><span class='ocrx_word' id='word_1_288' title='bbox 153 2647 366 2696; x_wconf 81' lang='lat' dir='ltr'><strong>possunt;</strong></span> <span class='ocrx_word' id='word_1_289' title='bbox 407 2654 468 2683; x_wconf 86' lang='lat' dir='ltr'><strong>sc.</strong></span> <span class='ocrx_word' id='word_1_290' title='bbox 497 2641 543 2683; x_wconf 88' lang='lat' dir='ltr'><strong>in</strong></span> <span class='ocrx_word' id='word_1_291' title='bbox 572 2641 739 2688; x_wconf 82' lang='lat' dir='ltr'><strong>clarum</strong></span> <span class='ocrx_word' id='word_1_292' title='bbox 766 2645 1042 2687; x_wconf 88' lang='lat' dir='ltr'><strong>intellectum</strong></span> <span class='ocrx_word' id='word_1_293' title='bbox 1072 2646 1282 2699; x_wconf 87' lang='lat' dir='ltr'><strong>veritatis,</strong></span> <span class='ocrx_word' id='word_1_294' title='bbox 1309 2649 1463 2690; x_wconf 87' lang='lat' dir='ltr'><strong>sedern</strong></span> <span class='ocrx_word' id='word_1_295' title='bbox 1496 2662 1621 2689; x_wconf 89' lang='lat' dir='ltr'><strong>suam</strong></span> <span class='ocrx_word' id='word_1_296' title='bbox 1654 2655 1700 2689; x_wconf 90' lang='lat' dir='ltr'><strong>et</strong></span> <span class='ocrx_word' id='word_1_297' title='bbox 1729 2649 1952 2702; x_wconf 73' lang='lat' dir='ltr'><strong>regionem</strong></span> 
     </span>
     <span class='ocr_line' id='line_1_31' title="bbox 155 2719 1953 2785; baseline 0.004 -21"><span class='ocrx_word' id='word_1_298' title='bbox 155 2722 271 2764; x_wconf 89' lang='lat' dir='ltr'><strong>inter</strong></span> <span class='ocrx_word' id='word_1_299' title='bbox 302 2719 562 2763; x_wconf 82' lang='lat' dir='ltr'><strong>Aristotelis</strong></span> <span class='ocrx_word' id='word_1_300' title='bbox 594 2727 641 2764; x_wconf 82' lang='lat' dir='ltr'><strong>et</strong></span> <span class='ocrx_word' id='word_1_301' title='bbox 676 2721 866 2779; x_wconf 82' lang='lat' dir='ltr'><strong>crisippi</strong></span> <span class='ocrx_word' id='word_1_302' title='bbox 899 2726 1075 2780; x_wconf 90' lang='lat' dir='ltr'><strong>spineta</strong></span> <span class='ocrx_word' id='word_1_303' title='bbox 1114 2727 1349 2781; x_wconf 90' lang='lat' dir='ltr'><strong>reperiunt,</strong></span> <span class='ocrx_word' id='word_1_304' title='bbox 1382 2729 1486 2782; x_wconf 87' lang='lat' dir='ltr'><strong>quia</strong></span> <span class='ocrx_word' id='word_1_305' title='bbox 1526 2741 1677 2768; x_wconf 88' lang='lat' dir='ltr'><strong>eorum</strong></span> <span class='ocrx_word' id='word_1_306' title='bbox 1712 2729 1833 2771; x_wconf 85' lang='lat' dir='ltr'><strong>dicta</strong></span> <span class='ocrx_word' id='word_1_307' title='bbox 1871 2745 1953 2785; x_wconf 88' lang='lat' dir='ltr'><strong>pro</strong></span> 
     </span>
     <span class='ocr_line' id='line_1_32' title="bbox 154 2800 1951 2862; baseline 0.007 -19"><span class='ocrx_word' id='word_1_308' title='bbox 154 2814 260 2849; x_wconf 83' lang='lat' dir='ltr'><strong>vero</strong></span> <span class='ocrx_word' id='word_1_309' title='bbox 298 2800 590 2847; x_wconf 82' lang='lat' dir='ltr'><strong>fundamento</strong></span> <span class='ocrx_word' id='word_1_310' title='bbox 630 2811 873 2847; x_wconf 86' lang='lat' dir='ltr'><strong>assumunt.</strong></span> <span class='ocrx_word' id='word_1_311' title='bbox 946 2806 1058 2848; x_wconf 89' lang='lat' dir='ltr'><strong>Inde</strong></span> <span class='ocrx_word' id='word_1_312' title='bbox 1096 2807 1340 2850; x_wconf 87' lang='lat' dir='ltr'><strong>Eunomius</strong></span> <span class='ocrx_word' id='word_1_313' title='bbox 1384 2808 1559 2861; x_wconf 87' lang='lat' dir='ltr'><strong>profert,</strong></span> <span class='ocrx_word' id='word_1_314' title='bbox 1605 2811 1615 2830; x_wconf 92' lang='lat'>‘</span> <span class='ocrx_word' id='word_1_315' title='bbox 1631 2810 1751 2862; x_wconf 88' lang='lat' dir='ltr'><strong>quod</strong></span> <span class='ocrx_word' id='word_1_316' title='bbox 1799 2817 1951 2856; x_wconf 87' lang='lat' dir='ltr'><strong>natum</strong></span> 
     </span>
    </p>
   </div>
  </div>
 </body>
</html>
