<?xml version="1.0" encoding="UTF-8"?>
<!DOCTYPE html PUBLIC "-//W3C//DTD XHTML 1.0 Transitional//EN"
    "http://www.w3.org/TR/xhtml1/DTD/xhtml1-transitional.dtd">
<html xmlns="http://www.w3.org/1999/xhtml" xml:lang="en" lang="en">
 <head>
  <title>
</title>
<meta http-equiv="Content-Type" content="text/html;charset=utf-8" />
  <meta name='ocr-system' content='tesseract 3.04.00' />
  <meta name='ocr-capabilities' content='ocr_page ocr_carea ocr_par ocr_line ocrx_word'/>
</head>
<body>
  <div class='ocr_page' id='page_1' title='image "./locielibroverita00gascuoft_0292.png"; bbox 0 0 2456 3210; ppageno 0'>
   <div class='ocr_carea' id='block_1_1' title="bbox 441 263 1745 310">
    <p class='ocr_par' dir='ltr' id='par_1_1' title="bbox 441 263 1745 310">
     <span class='ocr_line' id='line_1_1' title="bbox 441 263 1745 310; baseline 0.005 -13"><span class='ocrx_word' id='word_1_1' title='bbox 441 268 523 310; x_wconf 93' lang='lat'><strong>190</strong></span> <span class='ocrx_word' id='word_1_2' title='bbox 941 264 1075 300; x_wconf 85' lang='lat' dir='ltr'><em>LOCJ</em></span> <span class='ocrx_word' id='word_1_3' title='bbox 1107 263 1148 298; x_wconf 94' lang='lat' dir='ltr'><em>E</em></span> <span class='ocrx_word' id='word_1_4' title='bbox 1184 265 1351 300; x_wconf 87' lang='lat' dir='ltr'><em>LIBRO</em></span> <span class='ocrx_word' id='word_1_5' title='bbox 1399 265 1745 303; x_wconf 86' lang='lat' dir='ltr'><em>VERITATUM.</em></span> 
     </span>
    </p>
   </div>
   <div class='ocr_carea' id='block_1_2' title="bbox 401 408 2271 2883">
    <p class='ocr_par' dir='ltr' id='par_1_2' title="bbox 401 408 2271 2883">
     <span class='ocr_line' id='line_1_2' title="bbox 435 408 2245 468; baseline 0.004 -19"><span class='ocrx_word' id='word_1_6' title='bbox 435 421 463 449; x_wconf 90' lang='lat' dir='ltr'><strong>a</strong></span> <span class='ocrx_word' id='word_1_7' title='bbox 492 421 594 463; x_wconf 86' lang='lat' dir='ltr'><strong>rege</strong></span> <span class='ocrx_word' id='word_1_8' title='bbox 622 408 883 460; x_wconf 88' lang='lat' dir='ltr'><strong>habuerunt,</strong></span> <span class='ocrx_word' id='word_1_9' title='bbox 916 409 1036 462; x_wconf 90' lang='lat' dir='ltr'><strong>quod</strong></span> <span class='ocrx_word' id='word_1_10' title='bbox 1066 409 1357 462; x_wconf 87' lang='lat' dir='ltr'><strong>procederent</strong></span> <span class='ocrx_word' id='word_1_11' title='bbox 1389 410 1434 451; x_wconf 91' lang='lat' dir='ltr'><strong>in</strong></span> <span class='ocrx_word' id='word_1_12' title='bbox 1466 410 1662 452; x_wconf 87' lang='lat' dir='ltr'>articulis</span> <span class='ocrx_word' id='word_1_13' title='bbox 1692 412 2000 455; x_wconf 86' lang='lat' dir='ltr'><strong>communitati</strong></span> <span class='ocrx_word' id='word_1_14' title='bbox 2031 427 2089 455; x_wconf 92' lang='lat' dir='ltr'><strong>ex</strong></span> <span class='ocrx_word' id='word_1_15' title='bbox 2118 418 2245 468; x_wconf 85' lang='lat' dir='ltr'><strong>parte</strong></span> 
     </span>
     <span class='ocr_line' id='line_1_3' title="bbox 437 489 2243 548; baseline 0.003 -19"><span class='ocrx_word' id='word_1_16' title='bbox 437 489 551 542; x_wconf 88' lang='lat' dir='ltr'><strong>regis</strong></span> <span class='ocrx_word' id='word_1_17' title='bbox 581 489 847 543; x_wconf 88' lang='lat' dir='ltr'><strong>propositis;</strong></span> <span class='ocrx_word' id='word_1_18' title='bbox 879 494 925 531; x_wconf 93' lang='lat' dir='ltr'><strong>et</strong></span> <span class='ocrx_word' id='word_1_19' title='bbox 953 502 1067 530; x_wconf 90' lang='lat' dir='ltr'><strong>unus</strong></span> <span class='ocrx_word' id='word_1_20' title='bbox 1093 489 1303 532; x_wconf 85' lang='lat' dir='ltr'><strong>articulus</strong></span> <span class='ocrx_word' id='word_1_21' title='bbox 1332 489 1425 540; x_wconf 69' lang='lat' dir='ltr'><strong>fuit,</strong></span> <span class='ocrx_word' id='word_1_22' title='bbox 1458 492 1579 545; x_wconf 93' lang='lat' dir='ltr'><strong>quod</strong></span> <span class='ocrx_word' id='word_1_23' title='bbox 1609 493 1902 535; x_wconf 89' lang='lat' dir='ltr'><strong>communitas</strong></span> <span class='ocrx_word' id='word_1_24' title='bbox 1931 493 2112 548; x_wconf 83' lang='lat' dir='ltr'><strong>Angliae</strong></span> <span class='ocrx_word' id='word_1_25' title='bbox 2141 508 2243 548; x_wconf 90' lang='lat' dir='ltr'><strong>pro-</strong></span> 
     </span>
     <span class='ocr_line' id='line_1_4' title="bbox 434 569 2242 629; baseline 0.003 -19"><span class='ocrx_word' id='word_1_26' title='bbox 434 569 604 612; x_wconf 86' lang='lat' dir='ltr'><strong>videret</strong></span> <span class='ocrx_word' id='word_1_27' title='bbox 643 583 723 624; x_wconf 90' lang='lat' dir='ltr'><strong>pro</strong></span> <span class='ocrx_word' id='word_1_28' title='bbox 769 569 965 624; x_wconf 90' lang='lat' dir='ltr'><strong>pecuniis</strong></span> <span class='ocrx_word' id='word_1_29' title='bbox 1005 570 1165 624; x_wconf 92' lang='lat' dir='ltr'><strong>quibus</strong></span> <span class='ocrx_word' id='word_1_30' title='bbox 1211 571 1487 613; x_wconf 89' lang='lat' dir='ltr'><strong>Normannia</strong></span> <span class='ocrx_word' id='word_1_31' title='bbox 1525 572 1852 616; x_wconf 87' lang='lat' dir='ltr'><strong>deffenderetur</strong></span> <span class='ocrx_word' id='word_1_32' title='bbox 1896 587 1976 629; x_wconf 90' lang='lat' dir='ltr'><strong>per</strong></span> <span class='ocrx_word' id='word_1_33' title='bbox 2013 573 2242 629; x_wconf 88' lang='lat' dir='ltr'><strong>Anglicos,</strong></span> 
     </span>
     <span class='ocr_line' id='line_1_5' title="bbox 434 649 2243 709; baseline 0.004 -19"><span class='ocrx_word' id='word_1_34' title='bbox 434 655 482 691; x_wconf 90' lang='lat' dir='ltr'><strong>et</strong></span> <span class='ocrx_word' id='word_1_35' title='bbox 521 651 640 704; x_wconf 90' lang='lat' dir='ltr'><strong>quod</strong></span> <span class='ocrx_word' id='word_1_36' title='bbox 678 650 970 692; x_wconf 89' lang='lat' dir='ltr'><strong>communitas</strong></span> <span class='ocrx_word' id='word_1_37' title='bbox 1005 649 1185 704; x_wconf 83' lang='lat' dir='ltr'><strong>Angliae</strong></span> <span class='ocrx_word' id='word_1_38' title='bbox 1216 664 1304 692; x_wconf 92' lang='lat' dir='ltr'><strong>non</strong></span> <span class='ocrx_word' id='word_1_39' title='bbox 1345 651 1658 695; x_wconf 85' lang='lat' dir='ltr'><strong>intromitteret</strong></span> <span class='ocrx_word' id='word_1_40' title='bbox 1691 667 1740 695; x_wconf 89' lang='lat' dir='ltr'><strong>se</strong></span> <span class='ocrx_word' id='word_1_41' title='bbox 1780 654 1838 696; x_wconf 93' lang='lat' dir='ltr'><strong>de</strong></span> <span class='ocrx_word' id='word_1_42' title='bbox 1877 654 2004 696; x_wconf 86' lang='lat' dir='ltr'><strong>sactis</strong></span> <span class='ocrx_word' id='word_1_43' title='bbox 2044 655 2159 709; x_wconf 86' lang='lat' dir='ltr'><strong>regis</strong></span> <span class='ocrx_word' id='word_1_44' title='bbox 2194 661 2243 697; x_wconf 86' lang='lat' dir='ltr'><strong>et</strong></span> 
     </span>
     <span class='ocr_line' id='line_1_6' title="bbox 407 712 2244 789; baseline 0.003 -18"><span class='ocrx_word' id='word_1_45' title='bbox 407 712 742 783; x_wconf 34' lang='lat' dir='ltr'><strong>*dominorum;</strong></span> <span class='ocrx_word' id='word_1_46' title='bbox 779 737 823 772; x_wconf 91' lang='lat' dir='ltr'><strong>et</strong></span> <span class='ocrx_word' id='word_1_47' title='bbox 852 736 950 772; x_wconf 90' lang='lat' dir='ltr'><strong>tum</strong></span> <span class='ocrx_word' id='word_1_48' title='bbox 983 744 1063 772; x_wconf 90' lang='lat' dir='ltr'><strong>rex</strong></span> <span class='ocrx_word' id='word_1_49' title='bbox 1094 732 1213 786; x_wconf 90' lang='lat' dir='ltr'><strong>prius</strong></span> <span class='ocrx_word' id='word_1_50' title='bbox 1250 732 1434 775; x_wconf 89' lang='lat' dir='ltr'><strong>dederat</strong></span> <span class='ocrx_word' id='word_1_51' title='bbox 1464 732 1767 789; x_wconf 88' lang='lat' dir='ltr'><strong>Andigaviam</strong></span> <span class='ocrx_word' id='word_1_52' title='bbox 1800 735 1889 789; x_wconf 87' lang='lat' dir='ltr'><strong>regi</strong></span> <span class='ocrx_word' id='word_1_53' title='bbox 1918 734 2092 777; x_wconf 87' lang='lat' dir='ltr'><strong>Ceciliae</strong></span> <span class='ocrx_word' id='word_1_54' title='bbox 2124 735 2244 777; x_wconf 88' lang='lat' dir='ltr'><strong>exis-</strong></span> 
     </span>
     <span class='ocr_line' id='line_1_7' title="bbox 433 812 2241 871; baseline 0.003 -18"><span class='ocrx_word' id='word_1_55' title='bbox 433 817 557 853; x_wconf 88' lang='lat' dir='ltr'><strong>tente</strong></span> <span class='ocrx_word' id='word_1_56' title='bbox 596 818 701 854; x_wconf 88' lang='lat' dir='ltr'><strong>tunc</strong></span> <span class='ocrx_word' id='word_1_57' title='bbox 737 812 782 853; x_wconf 93' lang='lat' dir='ltr'><strong>in</strong></span> <span class='ocrx_word' id='word_1_58' title='bbox 823 812 1019 864; x_wconf 81' lang='lat' dir='ltr'><strong>Francia,</strong></span> <span class='ocrx_word' id='word_1_59' title='bbox 1060 812 1165 866; x_wconf 92' lang='lat' dir='ltr'><strong>quia</strong></span> <span class='ocrx_word' id='word_1_60' title='bbox 1203 812 1330 854; x_wconf 90' lang='lat' dir='ltr'><strong>aliter</strong></span> <span class='ocrx_word' id='word_1_61' title='bbox 1369 826 1458 854; x_wconf 91' lang='lat' dir='ltr'><strong>non</strong></span> <span class='ocrx_word' id='word_1_62' title='bbox 1497 815 1643 868; x_wconf 91' lang='lat' dir='ltr'><strong>potuit</strong></span> <span class='ocrx_word' id='word_1_63' title='bbox 1681 814 1846 857; x_wconf 90' lang='lat' dir='ltr'><strong>habere</strong></span> <span class='ocrx_word' id='word_1_64' title='bbox 1886 816 2086 870; x_wconf 88' lang='lat' dir='ltr'><strong>ejusdem</strong></span> <span class='ocrx_word' id='word_1_65' title='bbox 2125 816 2241 871; x_wconf 88' lang='lat' dir='ltr'><strong>regis</strong></span> 
     </span>
     <span class='ocr_line' id='line_1_8' title="bbox 432 893 2242 949; baseline 0.003 -15"><span class='ocrx_word' id='word_1_66' title='bbox 432 893 569 935; x_wconf 89' lang='lat' dir='ltr'><strong>filiam</strong></span> <span class='ocrx_word' id='word_1_67' title='bbox 600 894 644 935; x_wconf 94' lang='lat' dir='ltr'><strong>in</strong></span> <span class='ocrx_word' id='word_1_68' title='bbox 681 907 879 945; x_wconf 90' lang='lat' dir='ltr'><strong>uxorem,</strong></span> <span class='ocrx_word' id='word_1_69' title='bbox 914 900 960 935; x_wconf 90' lang='lat' dir='ltr'><strong>et</strong></span> <span class='ocrx_word' id='word_1_70' title='bbox 999 893 1102 947; x_wconf 89' lang='lat' dir='ltr'><strong>quia</strong></span> <span class='ocrx_word' id='word_1_71' title='bbox 1133 894 1227 935; x_wconf 87' lang='lat' dir='ltr'><strong>dux</strong></span> <span class='ocrx_word' id='word_1_72' title='bbox 1268 893 1540 944; x_wconf 88' lang='lat' dir='ltr'><strong>Suthfolciae‚</strong></span> <span class='ocrx_word' id='word_1_73' title='bbox 1576 895 1827 938; x_wconf 90' lang='lat' dir='ltr'><strong>Willelmus</strong></span> <span class='ocrx_word' id='word_1_74' title='bbox 1863 897 2020 949; x_wconf 91' lang='lat' dir='ltr'><strong>Powle,</strong></span> <span class='ocrx_word' id='word_1_75' title='bbox 2061 897 2242 939; x_wconf 92' lang='lat' dir='ltr'><strong>nomine</strong></span> 
     </span>
     <span class='ocr_line' id='line_1_9' title="bbox 433 973 2238 1029; baseline 0.003 -14"><span class='ocrx_word' id='word_1_76' title='bbox 433 975 732 1029; x_wconf 85' lang='lat' dir='ltr'><strong>procuratorio</strong></span> <span class='ocrx_word' id='word_1_77' title='bbox 765 976 880 1028; x_wconf 88' lang='lat' dir='ltr'><strong>regis</strong></span> <span class='ocrx_word' id='word_1_78' title='bbox 910 973 1102 1029; x_wconf 88' lang='lat' dir='ltr'><strong>Angliae,</strong></span> <span class='ocrx_word' id='word_1_79' title='bbox 1139 988 1240 1016; x_wconf 92' lang='lat' dir='ltr'><strong>cum</strong></span> <span class='ocrx_word' id='word_1_80' title='bbox 1276 975 1391 1029; x_wconf 86' lang='lat' dir='ltr'><strong>regis</strong></span> <span class='ocrx_word' id='word_1_81' title='bbox 1424 974 1599 1018; x_wconf 86' lang='lat' dir='ltr'><strong>Ceciliae</strong></span> <span class='ocrx_word' id='word_1_82' title='bbox 1630 976 1720 1018; x_wconf 90' lang='lat' dir='ltr'><strong>filia</strong></span> <span class='ocrx_word' id='word_1_83' title='bbox 1750 978 1795 1018; x_wconf 91' lang='lat' dir='ltr'><strong>in</strong></span> <span class='ocrx_word' id='word_1_84' title='bbox 1827 977 1974 1020; x_wconf 92' lang='lat' dir='ltr'><strong>Gallia</strong></span> <span class='ocrx_word' id='word_1_85' title='bbox 2002 978 2238 1027; x_wconf 87' lang='lat' dir='ltr'><strong>contraxit,</strong></span> 
     </span>
     <span class='ocr_line' id='line_1_10' title="bbox 432 1055 2239 1111; baseline 0.002 -15"><span class='ocrx_word' id='word_1_86' title='bbox 432 1055 532 1097; x_wconf 91' lang='lat' dir='ltr'><strong>ideo</strong></span> <span class='ocrx_word' id='word_1_87' title='bbox 567 1055 778 1098; x_wconf 86' lang='lat' dir='ltr'><strong>dixerunt</strong></span> <span class='ocrx_word' id='word_1_88' title='bbox 814 1055 980 1105; x_wconf 87' lang='lat' dir='ltr'><strong>Gallici,</strong></span> <span class='ocrx_word' id='word_1_89' title='bbox 1018 1056 1137 1109; x_wconf 90' lang='lat' dir='ltr'><strong>quod</strong></span> <span class='ocrx_word' id='word_1_90' title='bbox 1174 1069 1273 1097; x_wconf 91' lang='lat' dir='ltr'><strong>eam</strong></span> <span class='ocrx_word' id='word_1_91' title='bbox 1308 1062 1438 1098; x_wconf 88' lang='lat' dir='ltr'><strong>extra</strong></span> <span class='ocrx_word' id='word_1_92' title='bbox 1474 1070 1657 1111; x_wconf 87' lang='lat' dir='ltr'><strong>regnum</strong></span> <span class='ocrx_word' id='word_1_93' title='bbox 1689 1058 1887 1100; x_wconf 86' lang='lat' dir='ltr'><strong>Franciae</strong></span> <span class='ocrx_word' id='word_1_94' title='bbox 1923 1073 2012 1100; x_wconf 90' lang='lat' dir='ltr'><strong>non</strong></span> <span class='ocrx_word' id='word_1_95' title='bbox 2046 1060 2239 1110; x_wconf 87' lang='lat' dir='ltr'><strong>duceret,</strong></span> 
     </span>
     <span class='ocr_line' id='line_1_11' title="bbox 431 1136 2268 1191; baseline 0.003 -14"><span class='ocrx_word' id='word_1_96' title='bbox 431 1150 664 1191; x_wconf 87' lang='lat' dir='ltr'><strong>quousque</strong></span> <span class='ocrx_word' id='word_1_97' title='bbox 705 1150 857 1178; x_wconf 90' lang='lat' dir='ltr'><strong>eorum</strong></span> <span class='ocrx_word' id='word_1_98' title='bbox 897 1136 1075 1186; x_wconf 87' lang='lat' dir='ltr'><strong>amicus,</strong></span> <span class='ocrx_word' id='word_1_99' title='bbox 1108 1150 1189 1178; x_wconf 91' lang='lat' dir='ltr'><strong>rex</strong></span> <span class='ocrx_word' id='word_1_100' title='bbox 1225 1137 1403 1179; x_wconf 90' lang='lat' dir='ltr'><strong>nomine</strong></span> <span class='ocrx_word' id='word_1_101' title='bbox 1434 1144 1478 1179; x_wconf 91' lang='lat' dir='ltr'><strong>et</strong></span> <span class='ocrx_word' id='word_1_102' title='bbox 1513 1151 1602 1179; x_wconf 92' lang='lat' dir='ltr'><strong>non</strong></span> <span class='ocrx_word' id='word_1_103' title='bbox 1632 1151 1689 1189; x_wconf 88' lang='lat' dir='ltr'><strong>re,</strong></span> <span class='ocrx_word' id='word_1_104' title='bbox 1722 1138 1910 1191; x_wconf 85' lang='lat' dir='ltr'><strong>Ceciliae,</strong></span> <span class='ocrx_word' id='word_1_105' title='bbox 1940 1140 2124 1182; x_wconf 87' lang='lat' dir='ltr'><strong>haberet</strong></span> <span class='ocrx_word' id='word_1_106' title='bbox 2154 1139 2268 1181; x_wconf 78' lang='lat' dir='ltr'><strong>sibi-</strong></span> 
     </span>
     <span class='ocr_line' id='line_1_12' title="bbox 431 1216 2237 1274; baseline 0.001 -15"><span class='ocrx_word' id='word_1_107' title='bbox 431 1224 475 1259; x_wconf 88' lang='lat' dir='ltr'><strong>et</strong></span> <span class='ocrx_word' id='word_1_108' title='bbox 506 1217 827 1259; x_wconf 89' lang='lat' dir='ltr'><strong>successoribus</strong></span> <span class='ocrx_word' id='word_1_109' title='bbox 857 1216 1066 1259; x_wconf 90' lang='lat' dir='ltr'><strong>collatum</strong></span> <span class='ocrx_word' id='word_1_110' title='bbox 1096 1230 1124 1258; x_wconf 91' lang='lat' dir='ltr'><strong>a</strong></span> <span class='ocrx_word' id='word_1_111' title='bbox 1154 1231 1256 1271; x_wconf 88' lang='lat' dir='ltr'><strong>rege</strong></span> <span class='ocrx_word' id='word_1_112' title='bbox 1286 1217 1466 1272; x_wconf 87' lang='lat' dir='ltr'><strong>Angliae</strong></span> <span class='ocrx_word' id='word_1_113' title='bbox 1496 1219 1706 1261; x_wconf 89' lang='lat' dir='ltr'><strong>ducatum</strong></span> <span class='ocrx_word' id='word_1_114' title='bbox 1737 1218 2027 1274; x_wconf 84' lang='lat' dir='ltr'><strong>Andegaviae,</strong></span> <span class='ocrx_word' id='word_1_115' title='bbox 2058 1226 2104 1262; x_wconf 88' lang='lat' dir='ltr'><strong>et</strong></span> <span class='ocrx_word' id='word_1_116' title='bbox 2134 1220 2237 1274; x_wconf 87' lang='lat' dir='ltr'><strong>quia</strong></span> 
     </span>
     <span class='ocr_line' id='line_1_13' title="bbox 430 1297 2239 1354; baseline 0.002 -15"><span class='ocrx_word' id='word_1_117' title='bbox 430 1298 550 1339; x_wconf 92' lang='lat' dir='ltr'><strong>idem</strong></span> <span class='ocrx_word' id='word_1_118' title='bbox 587 1298 682 1340; x_wconf 93' lang='lat' dir='ltr'><strong>dux</strong></span> <span class='ocrx_word' id='word_1_119' title='bbox 719 1311 821 1340; x_wconf 90' lang='lat' dir='ltr'><strong>cum</strong></span> <span class='ocrx_word' id='word_1_120' title='bbox 857 1298 1014 1339; x_wconf 89' lang='lat' dir='ltr'><strong>eadem</strong></span> <span class='ocrx_word' id='word_1_121' title='bbox 1051 1297 1170 1352; x_wconf 90' lang='lat' dir='ltr'><strong>prius</strong></span> <span class='ocrx_word' id='word_1_122' title='bbox 1206 1299 1440 1350; x_wconf 83' lang='lat' dir='ltr'><strong>contraxit,</strong></span> <span class='ocrx_word' id='word_1_123' title='bbox 1473 1299 1651 1341; x_wconf 89' lang='lat' dir='ltr'><strong>nomine</strong></span> <span class='ocrx_word' id='word_1_124' title='bbox 1688 1300 1802 1354; x_wconf 89' lang='lat' dir='ltr'><strong>regis</strong></span> <span class='ocrx_word' id='word_1_125' title='bbox 1835 1299 2027 1354; x_wconf 87' lang='lat' dir='ltr'><strong>Angliae,</strong></span> <span class='ocrx_word' id='word_1_126' title='bbox 2057 1306 2107 1342; x_wconf 92' lang='lat' dir='ltr'><strong>ut</strong></span> <span class='ocrx_word' id='word_1_127' title='bbox 2142 1300 2239 1354; x_wconf 85' lang='lat' dir='ltr'><strong>ejus</strong></span> 
     </span>
     <span class='ocr_line' id='line_1_14' title="bbox 429 1379 2237 1435; baseline 0.002 -15"><span class='ocrx_word' id='word_1_128' title='bbox 429 1385 696 1434; x_wconf 87' lang='lat' dir='ltr'><strong>procurator,</strong></span> <span class='ocrx_word' id='word_1_129' title='bbox 729 1386 775 1422; x_wconf 90' lang='lat' dir='ltr'><strong>et</strong></span> <span class='ocrx_word' id='word_1_130' title='bbox 804 1379 909 1433; x_wconf 90' lang='lat' dir='ltr'><strong>quia</strong></span> <span class='ocrx_word' id='word_1_131' title='bbox 939 1379 1058 1420; x_wconf 93' lang='lat' dir='ltr'><strong>idem</strong></span> <span class='ocrx_word' id='word_1_132' title='bbox 1089 1379 1183 1420; x_wconf 92' lang='lat' dir='ltr'><strong>dux</strong></span> <span class='ocrx_word' id='word_1_133' title='bbox 1209 1379 1432 1421; x_wconf 90' lang='lat' dir='ltr'><strong>maximus</strong></span> <span class='ocrx_word' id='word_1_134' title='bbox 1463 1379 1546 1422; x_wconf 91' lang='lat' dir='ltr'><strong>fuit</strong></span> <span class='ocrx_word' id='word_1_135' title='bbox 1576 1393 1676 1422; x_wconf 91' lang='lat' dir='ltr'><strong>cum</strong></span> <span class='ocrx_word' id='word_1_136' title='bbox 1707 1393 1810 1435; x_wconf 84' lang='lat' dir='ltr'><strong>rege</strong></span> <span class='ocrx_word' id='word_1_137' title='bbox 1832 1380 2013 1435; x_wconf 88' lang='lat' dir='ltr'><strong>Angliae</strong></span> <span class='ocrx_word' id='word_1_138' title='bbox 2040 1381 2237 1423; x_wconf 89' lang='lat' dir='ltr'><strong>Henrico</strong></span> 
     </span>
     <span class='ocr_line' id='line_1_15' title="bbox 431 1459 2238 1516; baseline 0.001 -14"><span class='ocrx_word' id='word_1_139' title='bbox 431 1459 587 1511; x_wconf 89' lang='lat' dir='ltr'><strong>Sexto,</strong></span> <span class='ocrx_word' id='word_1_140' title='bbox 623 1460 723 1501; x_wconf 90' lang='lat' dir='ltr'><strong>ideo</strong></span> <span class='ocrx_word' id='word_1_141' title='bbox 754 1460 836 1514; x_wconf 90' lang='lat' dir='ltr'><strong>ipsi</strong></span> <span class='ocrx_word' id='word_1_142' title='bbox 870 1459 1026 1502; x_wconf 91' lang='lat' dir='ltr'><strong>Gallici</strong></span> <span class='ocrx_word' id='word_1_143' title='bbox 1060 1459 1100 1501; x_wconf 92' lang='lat' dir='ltr'><strong>ei</strong></span> <span class='ocrx_word' id='word_1_144' title='bbox 1135 1460 1354 1512; x_wconf 85' lang='lat' dir='ltr'><strong>dixerant,</strong></span> <span class='ocrx_word' id='word_1_145' title='bbox 1387 1461 1507 1514; x_wconf 89' lang='lat' dir='ltr'><strong>quod</strong></span> <span class='ocrx_word' id='word_1_146' title='bbox 1543 1461 1683 1514; x_wconf 88' lang='lat' dir='ltr'><strong>ipsam</strong></span> <span class='ocrx_word' id='word_1_147' title='bbox 1715 1461 2029 1515; x_wconf 84' lang='lat' dir='ltr'><strong>desponsatam</strong></span> <span class='ocrx_word' id='word_1_148' title='bbox 2063 1467 2109 1504; x_wconf 87' lang='lat' dir='ltr'><strong>et</strong></span> <span class='ocrx_word' id='word_1_149' title='bbox 2137 1476 2238 1516; x_wconf 88' lang='lat' dir='ltr'><strong>per-</strong></span> 
     </span>
     <span class='ocr_line' id='line_1_16' title="bbox 430 1539 2235 1595; baseline 0.001 -14"><span class='ocrx_word' id='word_1_150' title='bbox 430 1541 611 1581; x_wconf 87' lang='lat' dir='ltr'><strong>missam</strong></span> <span class='ocrx_word' id='word_1_151' title='bbox 644 1542 701 1582; x_wconf 92' lang='lat' dir='ltr'><strong>ad</strong></span> <span class='ocrx_word' id='word_1_152' title='bbox 735 1541 917 1594; x_wconf 88' lang='lat' dir='ltr'><strong>nupcias</strong></span> <span class='ocrx_word' id='word_1_153' title='bbox 952 1541 1066 1594; x_wconf 88' lang='lat' dir='ltr'><strong>regis</strong></span> <span class='ocrx_word' id='word_1_154' title='bbox 1099 1539 1279 1594; x_wconf 84' lang='lat' dir='ltr'><strong>Angliae</strong></span> <span class='ocrx_word' id='word_1_155' title='bbox 1316 1541 1360 1581; x_wconf 92' lang='lat' dir='ltr'><strong>in</strong></span> <span class='ocrx_word' id='word_1_156' title='bbox 1393 1540 1563 1595; x_wconf 88' lang='lat' dir='ltr'><strong>Anglia</strong></span> <span class='ocrx_word' id='word_1_157' title='bbox 1597 1541 1692 1582; x_wconf 91' lang='lat' dir='ltr'><strong>dux</strong></span> <span class='ocrx_word' id='word_1_158' title='bbox 1727 1541 1821 1595; x_wconf 90' lang='lat' dir='ltr'><strong>ipse</strong></span> <span class='ocrx_word' id='word_1_159' title='bbox 1857 1540 2115 1583; x_wconf 83' lang='lat' dir='ltr'><strong>Suthfolciae</strong></span> <span class='ocrx_word' id='word_1_160' title='bbox 2145 1555 2235 1584; x_wconf 89' lang='lat' dir='ltr'><strong>non</strong></span> 
     </span>
     <span class='ocr_line' id='line_1_17' title="bbox 428 1620 2235 1676; baseline 0.001 -14"><span class='ocrx_word' id='word_1_161' title='bbox 428 1621 618 1672; x_wconf 91' lang='lat' dir='ltr'><strong>duceret,</strong></span> <span class='ocrx_word' id='word_1_162' title='bbox 659 1621 739 1663; x_wconf 89' lang='lat' dir='ltr'><strong>nisi</strong></span> <span class='ocrx_word' id='word_1_163' title='bbox 773 1620 1086 1675; x_wconf 87' lang='lat' dir='ltr'><strong>Andegaviam</strong></span> <span class='ocrx_word' id='word_1_164' title='bbox 1127 1622 1341 1675; x_wconf 85' lang='lat' dir='ltr'><strong>praedicto</strong></span> <span class='ocrx_word' id='word_1_165' title='bbox 1382 1622 1472 1676; x_wconf 88' lang='lat' dir='ltr'><strong>regi</strong></span> <span class='ocrx_word' id='word_1_166' title='bbox 1512 1627 1743 1676; x_wconf 86' lang='lat' dir='ltr'><strong>praetensae</strong></span> <span class='ocrx_word' id='word_1_167' title='bbox 1778 1620 1954 1663; x_wconf 87' lang='lat' dir='ltr'><strong>Ceciliae</strong></span> <span class='ocrx_word' id='word_1_168' title='bbox 1993 1621 2037 1662; x_wconf 93' lang='lat' dir='ltr'><strong>in</strong></span> <span class='ocrx_word' id='word_1_169' title='bbox 2078 1635 2235 1676; x_wconf 89' lang='lat' dir='ltr'><strong>perpe-</strong></span> 
     </span>
     <span class='ocr_line' id='line_1_18' title="bbox 428 1701 2235 1757; baseline 0.001 -15"><span class='ocrx_word' id='word_1_170' title='bbox 428 1707 555 1743; x_wconf 90' lang='lat' dir='ltr'><strong>tuum</strong></span> <span class='ocrx_word' id='word_1_171' title='bbox 586 1702 768 1743; x_wconf 91' lang='lat' dir='ltr'><strong>concedi</strong></span> <span class='ocrx_word' id='word_1_172' title='bbox 792 1716 818 1742; x_wconf 95' lang='lat' dir='ltr'><strong>a</strong></span> <span class='ocrx_word' id='word_1_173' title='bbox 846 1702 936 1756; x_wconf 89' lang='lat' dir='ltr'><strong>regi</strong></span> <span class='ocrx_word' id='word_1_174' title='bbox 958 1701 1140 1755; x_wconf 84' lang='lat' dir='ltr'><strong>Angliae</strong></span> <span class='ocrx_word' id='word_1_175' title='bbox 1167 1702 1449 1755; x_wconf 85' lang='lat' dir='ltr'><strong>impetraret3</strong></span> <span class='ocrx_word' id='word_1_176' title='bbox 1482 1708 1527 1744; x_wconf 89' lang='lat' dir='ltr'><strong>et</strong></span> <span class='ocrx_word' id='word_1_177' title='bbox 1553 1703 1627 1753; x_wconf 92' lang='lat' dir='ltr'><strong>sic,</strong></span> <span class='ocrx_word' id='word_1_178' title='bbox 1648 1702 1731 1743; x_wconf 92' lang='lat' dir='ltr'><strong>sub</strong></span> <span class='ocrx_word' id='word_1_179' title='bbox 1758 1701 1893 1743; x_wconf 88' lang='lat' dir='ltr'><strong>literis</strong></span> <span class='ocrx_word' id='word_1_180' title='bbox 1918 1702 2032 1756; x_wconf 89' lang='lat' dir='ltr'><strong>regis</strong></span> <span class='ocrx_word' id='word_1_181' title='bbox 2052 1702 2235 1757; x_wconf 83' lang='lat' dir='ltr'><strong>Angliae</strong></span> 
     </span>
     <span class='ocr_line' id='line_1_19' title="bbox 427 1782 2233 1838; baseline 0.001 -15"><span class='ocrx_word' id='word_1_182' title='bbox 427 1782 695 1836; x_wconf 89' lang='lat' dir='ltr'><strong>patentibus,</strong></span> <span class='ocrx_word' id='word_1_183' title='bbox 737 1788 787 1823; x_wconf 91' lang='lat' dir='ltr'><strong>ut</strong></span> <span class='ocrx_word' id='word_1_184' title='bbox 836 1783 1006 1834; x_wconf 89' lang='lat' dir='ltr'><strong>dicitur,</strong></span> <span class='ocrx_word' id='word_1_185' title='bbox 1046 1782 1312 1836; x_wconf 87' lang='lat' dir='ltr'><strong>Andegavia</strong></span> <span class='ocrx_word' id='word_1_186' title='bbox 1351 1797 1378 1824; x_wconf 93' lang='lat' dir='ltr'><strong>a</strong></span> <span class='ocrx_word' id='word_1_187' title='bbox 1421 1784 1633 1838; x_wconf 84' lang='lat' dir='ltr'><strong>praedicto</strong></span> <span class='ocrx_word' id='word_1_188' title='bbox 1680 1797 1780 1838; x_wconf 88' lang='lat' dir='ltr'><strong>rege</strong></span> <span class='ocrx_word' id='word_1_189' title='bbox 1818 1782 1998 1836; x_wconf 81' lang='lat' dir='ltr'><strong>Angliae</strong></span> <span class='ocrx_word' id='word_1_190' title='bbox 2048 1789 2093 1825; x_wconf 86' lang='lat' dir='ltr'><strong>et</strong></span> <span class='ocrx_word' id='word_1_191' title='bbox 2142 1784 2233 1825; x_wconf 86' lang='lat' dir='ltr'><strong>suis</strong></span> 
     </span>
     <span class='ocr_line' id='line_1_20' title="bbox 427 1863 2235 1919; baseline 0.001 -15"><span class='ocrx_word' id='word_1_192' title='bbox 427 1863 752 1904; x_wconf 89' lang='lat' dir='ltr'><strong>successoribus</strong></span> <span class='ocrx_word' id='word_1_193' title='bbox 793 1863 1037 1912; x_wconf 62' lang='lat' dir='ltr'><strong>alienatum</strong></span> <span class='ocrx_word' id='word_1_194' title='bbox 1090 1870 1135 1906; x_wconf 91' lang='lat' dir='ltr'><strong>et</strong></span> <span class='ocrx_word' id='word_1_195' title='bbox 1175 1865 1436 1918; x_wconf 67' lang='lat' dir='ltr'><strong>praedictum</strong></span> <span class='ocrx_word' id='word_1_196' title='bbox 1484 1865 1820 1919; x_wconf 88' lang='lat' dir='ltr'><strong>parliamentum</strong></span> <span class='ocrx_word' id='word_1_197' title='bbox 1860 1864 2052 1919; x_wconf 84' lang='lat' dir='ltr'><strong>Angliae,</strong></span> <span class='ocrx_word' id='word_1_198' title='bbox 2091 1865 2235 1907; x_wconf 83' lang='lat' dir='ltr'><strong>indies</strong></span> 
     </span>
     <span class='ocr_line' id='line_1_21' title="bbox 425 1943 2232 1999; baseline 0.001 -14"><span class='ocrx_word' id='word_1_199' title='bbox 425 1950 639 1986; x_wconf 87' lang='lat' dir='ltr'><strong>vexatum</strong></span> <span class='ocrx_word' id='word_1_200' title='bbox 679 1943 901 1984; x_wconf 88' lang='lat' dir='ltr'><strong>laboribus</strong></span> <span class='ocrx_word' id='word_1_201' title='bbox 946 1950 989 1985; x_wconf 87' lang='lat' dir='ltr'><strong>et</strong></span> <span class='ocrx_word' id='word_1_202' title='bbox 1031 1945 1250 1999; x_wconf 89' lang='lat' dir='ltr'><strong>expensis,</strong></span> <span class='ocrx_word' id='word_1_203' title='bbox 1293 1945 1442 1999; x_wconf 89' lang='lat' dir='ltr'><strong>palam</strong></span> <span class='ocrx_word' id='word_1_204' title='bbox 1483 1945 1610 1996; x_wconf 88' lang='lat' dir='ltr'><strong>dixit,</strong></span> <span class='ocrx_word' id='word_1_205' title='bbox 1647 1945 1767 1998; x_wconf 91' lang='lat' dir='ltr'><strong>quod</strong></span> <span class='ocrx_word' id='word_1_206' title='bbox 1808 1958 2033 1999; x_wconf 90' lang='lat' dir='ltr'><strong>nunquam</strong></span> <span class='ocrx_word' id='word_1_207' title='bbox 2074 1959 2232 1987; x_wconf 90' lang='lat' dir='ltr'><strong>conce-</strong></span> 
     </span>
     <span class='ocr_line' id='line_1_22' title="bbox 426 2024 2271 2079; baseline 0.002 -14"><span class='ocrx_word' id='word_1_208' title='bbox 426 2025 551 2066; x_wconf 89' lang='lat' dir='ltr'><strong>deret</strong></span> <span class='ocrx_word' id='word_1_209' title='bbox 586 2031 743 2067; x_wconf 90' lang='lat' dir='ltr'><strong>taxam</strong></span> <span class='ocrx_word' id='word_1_210' title='bbox 777 2024 879 2078; x_wconf 83' lang='lat' dir='ltr'><strong>regi,</strong></span> <span class='ocrx_word' id='word_1_211' title='bbox 913 2025 993 2065; x_wconf 90' lang='lat' dir='ltr'><strong>nisi</strong></span> <span class='ocrx_word' id='word_1_212' title='bbox 1031 2026 1149 2079; x_wconf 90' lang='lat' dir='ltr'><strong>prius</strong></span> <span class='ocrx_word' id='word_1_213' title='bbox 1185 2026 1304 2067; x_wconf 92' lang='lat' dir='ltr'><strong>idem</strong></span> <span class='ocrx_word' id='word_1_214' title='bbox 1340 2039 1419 2067; x_wconf 93' lang='lat' dir='ltr'><strong>rex</strong></span> <span class='ocrx_word' id='word_1_215' title='bbox 1449 2024 1629 2079; x_wconf 84' lang='lat' dir='ltr'><strong>Angliae</strong></span> <span class='ocrx_word' id='word_1_216' title='bbox 1659 2025 1920 2066; x_wconf 89' lang='lat' dir='ltr'><strong>auctoritate</strong></span> <span class='ocrx_word' id='word_1_217' title='bbox 1951 2025 2271 2079; x_wconf 81' lang='lat' dir='ltr'><strong>parliamenti-</strong></span> 
     </span>
     <span class='ocr_line' id='line_1_23' title="bbox 425 2105 2229 2161; baseline 0.001 -14"><span class='ocrx_word' id='word_1_218' title='bbox 425 2105 626 2160; x_wconf 89' lang='lat' dir='ltr'><strong>ejusdem</strong></span> <span class='ocrx_word' id='word_1_219' title='bbox 662 2112 902 2147; x_wconf 89' lang='lat' dir='ltr'><strong>resumeret</strong></span> <span class='ocrx_word' id='word_1_220' title='bbox 942 2106 1171 2148; x_wconf 90' lang='lat' dir='ltr'><strong>actualiter</strong></span> <span class='ocrx_word' id='word_1_221' title='bbox 1206 2107 1355 2147; x_wconf 89' lang='lat' dir='ltr'><strong>omnia</strong></span> <span class='ocrx_word' id='word_1_222' title='bbox 1395 2105 1665 2160; x_wconf 88' lang='lat' dir='ltr'><strong>pertinencia</strong></span> <span class='ocrx_word' id='word_1_223' title='bbox 1697 2119 1870 2147; x_wconf 85' lang='lat' dir='ltr'><strong>coronae</strong></span> <span class='ocrx_word' id='word_1_224' title='bbox 1903 2105 2093 2160; x_wconf 83' lang='lat' dir='ltr'><strong>Angliae,</strong></span> <span class='ocrx_word' id='word_1_225' title='bbox 2127 2121 2229 2161; x_wconf 83' lang='lat' dir='ltr'><strong>quae</strong></span> 
     </span>
     <span class='ocr_line' id='line_1_24' title="bbox 424 2186 2229 2240; baseline 0.001 -14"><span class='ocrx_word' id='word_1_226' title='bbox 424 2186 543 2227; x_wconf 88' lang='lat' dir='ltr'><strong>idem</strong></span> <span class='ocrx_word' id='word_1_227' title='bbox 579 2200 660 2228; x_wconf 92' lang='lat' dir='ltr'><strong>rex</strong></span> <span class='ocrx_word' id='word_1_228' title='bbox 703 2186 822 2240; x_wconf 88' lang='lat' dir='ltr'><strong>prius</strong></span> <span class='ocrx_word' id='word_1_229' title='bbox 862 2186 1046 2228; x_wconf 90' lang='lat' dir='ltr'><strong>dederat</strong></span> <span class='ocrx_word' id='word_1_230' title='bbox 1078 2193 1123 2228; x_wconf 89' lang='lat' dir='ltr'><strong>et</strong></span> <span class='ocrx_word' id='word_1_231' title='bbox 1155 2187 1421 2228; x_wconf 87' lang='lat' dir='ltr'><strong>alienaverat</strong></span> <span class='ocrx_word' id='word_1_232' title='bbox 1452 2200 1480 2228; x_wconf 90' lang='lat' dir='ltr'><strong>a</strong></span> <span class='ocrx_word' id='word_1_233' title='bbox 1512 2199 1591 2227; x_wconf 92' lang='lat' dir='ltr'><strong>sua</strong></span> <span class='ocrx_word' id='word_1_234' title='bbox 1626 2198 1801 2228; x_wconf 91' lang='lat' dir='ltr'><strong>corona.</strong></span> <span class='ocrx_word' id='word_1_235' title='bbox 1860 2186 1933 2237; x_wconf 87' lang='lat' dir='ltr'><strong>Et,</strong></span> <span class='ocrx_word' id='word_1_236' title='bbox 1968 2192 2073 2228; x_wconf 89' lang='lat' dir='ltr'><strong>ante</strong></span> <span class='ocrx_word' id='word_1_237' title='bbox 2108 2200 2229 2228; x_wconf 91' lang='lat' dir='ltr'><strong>com-</strong></span> 
     </span>
     <span class='ocr_line' id='line_1_25' title="bbox 422 2265 2228 2321; baseline 0.001 -14"><span class='ocrx_word' id='word_1_238' title='bbox 422 2267 591 2321; x_wconf 87' lang='lat' dir='ltr'><strong>pletam</strong></span> <span class='ocrx_word' id='word_1_239' title='bbox 632 2266 901 2308; x_wconf 89' lang='lat' dir='ltr'><strong>decisionem</strong></span> <span class='ocrx_word' id='word_1_240' title='bbox 942 2266 1131 2320; x_wconf 90' lang='lat' dir='ltr'><strong>plurium</strong></span> <span class='ocrx_word' id='word_1_241' title='bbox 1171 2267 1456 2309; x_wconf 90' lang='lat' dir='ltr'><strong>articulorum</strong></span> <span class='ocrx_word' id='word_1_242' title='bbox 1497 2266 1541 2306; x_wconf 92' lang='lat' dir='ltr'><strong>in</strong></span> <span class='ocrx_word' id='word_1_243' title='bbox 1583 2265 1659 2307; x_wconf 93' lang='lat' dir='ltr'><strong>illo</strong></span> <span class='ocrx_word' id='word_1_244' title='bbox 1698 2266 2001 2320; x_wconf 90' lang='lat' dir='ltr'><strong>parliamento,</strong></span> <span class='ocrx_word' id='word_1_245' title='bbox 2036 2268 2228 2310; x_wconf 88' lang='lat' dir='ltr'><strong>surrexit</strong></span> 
     </span>
     <span class='ocr_line' id='line_1_26' title="bbox 423 2345 2227 2402; baseline 0 -13"><span class='ocrx_word' id='word_1_246' title='bbox 423 2347 717 2389; x_wconf 89' lang='lat' dir='ltr'><strong>communitas</strong></span> <span class='ocrx_word' id='word_1_247' title='bbox 752 2346 940 2398; x_wconf 83' lang='lat' dir='ltr'><strong>Canciae,</strong></span> <span class='ocrx_word' id='word_1_248' title='bbox 977 2347 1059 2388; x_wconf 93' lang='lat' dir='ltr'><strong>sub</strong></span> <span class='ocrx_word' id='word_1_249' title='bbox 1101 2348 1332 2402; x_wconf 89' lang='lat' dir='ltr'><strong>capitaneo</strong></span> <span class='ocrx_word' id='word_1_250' title='bbox 1367 2346 1572 2400; x_wconf 90' lang='lat' dir='ltr'><strong>Johanne</strong></span> <span class='ocrx_word' id='word_1_251' title='bbox 1607 2345 1741 2396; x_wconf 89' lang='lat' dir='ltr'><strong>Cade,</strong></span> <span class='ocrx_word' id='word_1_252' title='bbox 1788 2347 1862 2401; x_wconf 91' lang='lat' dir='ltr'><strong>qui</strong></span> <span class='ocrx_word' id='word_1_253' title='bbox 1904 2348 2131 2390; x_wconf 90' lang='lat' dir='ltr'><strong>descendit</strong></span> <span class='ocrx_word' id='word_1_254' title='bbox 2169 2348 2227 2389; x_wconf 90' lang='lat' dir='ltr'><strong>de</strong></span> 
     </span>
     <span class='ocr_line' id='line_1_27' title="bbox 404 2410 2226 2482; baseline -0.001 -13"><span class='ocrx_word' id='word_1_255' title='bbox 404 2410 602 2482; x_wconf 44' lang='lat' dir='ltr'><strong>*Rogero</strong></span> <span class='ocrx_word' id='word_1_256' title='bbox 638 2428 908 2470; x_wconf 90' lang='lat' dir='ltr'><strong>Mortemere</strong></span> <span class='ocrx_word' id='word_1_257' title='bbox 941 2427 1176 2480; x_wconf 87' lang='lat' dir='ltr'><strong>bastardo;</strong></span> <span class='ocrx_word' id='word_1_258' title='bbox 1212 2435 1257 2470; x_wconf 91' lang='lat' dir='ltr'><strong>et</strong></span> <span class='ocrx_word' id='word_1_259' title='bbox 1289 2429 1373 2470; x_wconf 88' lang='lat' dir='ltr'><strong>iste</strong></span> <span class='ocrx_word' id='word_1_260' title='bbox 1403 2426 1671 2481; x_wconf 87' lang='lat' dir='ltr'><strong>capitaneus,</strong></span> <span class='ocrx_word' id='word_1_261' title='bbox 1701 2434 1802 2482; x_wconf 91' lang='lat' dir='ltr'><strong>post</strong></span> <span class='ocrx_word' id='word_1_262' title='bbox 1833 2429 2074 2482; x_wconf 90' lang='lat' dir='ltr'><strong>perdonam</strong></span> <span class='ocrx_word' id='word_1_263' title='bbox 2111 2428 2226 2482; x_wconf 86' lang='lat' dir='ltr'><strong>regis</strong></span> 
     </span>
     <span class='ocr_line' id='line_1_28' title="bbox 422 2507 2267 2561; baseline 0.001 -13"><span class='ocrx_word' id='word_1_264' title='bbox 422 2508 505 2549; x_wconf 91' lang='lat' dir='ltr'><strong>sibi</strong></span> <span class='ocrx_word' id='word_1_265' title='bbox 547 2515 591 2550; x_wconf 92' lang='lat' dir='ltr'><strong>et</strong></span> <span class='ocrx_word' id='word_1_266' title='bbox 627 2509 716 2550; x_wconf 89' lang='lat' dir='ltr'><strong>suis</strong></span> <span class='ocrx_word' id='word_1_267' title='bbox 752 2509 975 2557; x_wconf 88' lang='lat' dir='ltr'><strong>donatam,</strong></span> <span class='ocrx_word' id='word_1_268' title='bbox 1011 2509 1267 2561; x_wconf 90' lang='lat' dir='ltr'><strong>prodicione</strong></span> <span class='ocrx_word' id='word_1_269' title='bbox 1306 2508 1433 2549; x_wconf 88' lang='lat' dir='ltr'><strong>unius</strong></span> <span class='ocrx_word' id='word_1_270' title='bbox 1472 2507 1623 2548; x_wconf 88' lang='lat' dir='ltr'><strong>famuli</strong></span> <span class='ocrx_word' id='word_1_271' title='bbox 1664 2509 1742 2559; x_wconf 87' lang='lat' dir='ltr'><strong>sui,</strong></span> <span class='ocrx_word' id='word_1_272' title='bbox 1780 2514 1829 2550; x_wconf 92' lang='lat' dir='ltr'><strong>ut</strong></span> <span class='ocrx_word' id='word_1_273' title='bbox 1867 2508 2037 2558; x_wconf 87' lang='lat' dir='ltr'><strong>dicitur,</strong></span> <span class='ocrx_word' id='word_1_274' title='bbox 2070 2507 2267 2549; x_wconf 87' lang='lat' dir='ltr'><strong>vulne--</strong></span> 
     </span>
     <span class='ocr_line' id='line_1_29' title="bbox 422 2587 2223 2642; baseline -0.001 -12"><span class='ocrx_word' id='word_1_275' title='bbox 422 2595 541 2630; x_wconf 89' lang='lat' dir='ltr'><strong>ratus</strong></span> <span class='ocrx_word' id='word_1_276' title='bbox 575 2589 658 2631; x_wconf 89' lang='lat' dir='ltr'><strong>fuit</strong></span> <span class='ocrx_word' id='word_1_277' title='bbox 689 2590 747 2631; x_wconf 89' lang='lat' dir='ltr'><strong>ad</strong></span> <span class='ocrx_word' id='word_1_278' title='bbox 785 2594 984 2638; x_wconf 89' lang='lat' dir='ltr'><strong>mortem,</strong></span> <span class='ocrx_word' id='word_1_279' title='bbox 1020 2594 1065 2629; x_wconf 89' lang='lat' dir='ltr'><strong>et</strong></span> <span class='ocrx_word' id='word_1_280' title='bbox 1099 2594 1296 2631; x_wconf 86' lang='lat' dir='ltr'><strong>mortuus</strong></span> <span class='ocrx_word' id='word_1_281' title='bbox 1329 2588 1566 2642; x_wconf 88' lang='lat' dir='ltr'><strong>perductus</strong></span> <span class='ocrx_word' id='word_1_282' title='bbox 1599 2587 1855 2630; x_wconf 91' lang='lat' dir='ltr'><strong>Londonias</strong></span> <span class='ocrx_word' id='word_1_283' title='bbox 1891 2602 2008 2630; x_wconf 90' lang='lat' dir='ltr'><strong>anno</strong></span> <span class='ocrx_word' id='word_1_284' title='bbox 2042 2588 2223 2630; x_wconf 89' lang='lat' dir='ltr'><strong>Domini</strong></span> 
     </span>
     <span class='ocr_line' id='line_1_30' title="bbox 427 2667 2223 2722; baseline 0.001 -15"><span class='ocrx_word' id='word_1_285' title='bbox 427 2677 536 2720; x_wconf 87' lang='lat'>1450</span> <span class='ocrx_word' id='word_1_286' title='bbox 567 2669 611 2710; x_wconf 92' lang='lat' dir='ltr'><strong>in</strong></span> <span class='ocrx_word' id='word_1_287' title='bbox 643 2683 795 2711; x_wconf 89' lang='lat' dir='ltr'><strong>mense</strong></span> <span class='ocrx_word' id='word_1_288' title='bbox 818 2668 923 2722; x_wconf 91' lang='lat' dir='ltr'><strong>Julii</strong></span> <span class='ocrx_word' id='word_1_289' title='bbox 940 2682 951 2720; x_wconf 91' lang='lat'>;</span> <span class='ocrx_word' id='word_1_290' title='bbox 982 2673 1027 2709; x_wconf 90' lang='lat' dir='ltr'><strong>et</strong></span> <span class='ocrx_word' id='word_1_291' title='bbox 1052 2669 1209 2710; x_wconf 91' lang='lat' dir='ltr'><strong>eodem</strong></span> <span class='ocrx_word' id='word_1_292' title='bbox 1238 2682 1354 2710; x_wconf 90' lang='lat' dir='ltr'><strong>anno</strong></span> <span class='ocrx_word' id='word_1_293' title='bbox 1384 2673 1429 2709; x_wconf 92' lang='lat' dir='ltr'><strong>et</strong></span> <span class='ocrx_word' id='word_1_294' title='bbox 1460 2681 1611 2709; x_wconf 89' lang='lat' dir='ltr'><strong>mense</strong></span> <span class='ocrx_word' id='word_1_295' title='bbox 1642 2668 1816 2722; x_wconf 90' lang='lat' dir='ltr'><strong>expulsi</strong></span> <span class='ocrx_word' id='word_1_296' title='bbox 1847 2669 2023 2710; x_wconf 90' lang='lat' dir='ltr'><strong>fuerunt</strong></span> <span class='ocrx_word' id='word_1_297' title='bbox 2042 2667 2223 2722; x_wconf 88' lang='lat' dir='ltr'><strong>Anglici</strong></span> 
     </span>
     <span class='ocr_line' id='line_1_31' title="bbox 401 2742 2222 2803; baseline 0 -15"><span class='ocrx_word' id='word_1_298' title='bbox 401 2742 448 2789; x_wconf 26' lang='lat' dir='ltr'><strong>*a</strong></span> <span class='ocrx_word' id='word_1_299' title='bbox 472 2748 747 2792; x_wconf 88' lang='lat' dir='ltr'><strong>Normannia</strong></span> <span class='ocrx_word' id='word_1_300' title='bbox 778 2749 823 2791; x_wconf 93' lang='lat' dir='ltr'><strong>in</strong></span> <span class='ocrx_word' id='word_1_301' title='bbox 856 2762 1019 2803; x_wconf 89' lang='lat' dir='ltr'><strong>magno</strong></span> <span class='ocrx_word' id='word_1_302' title='bbox 1052 2762 1245 2798; x_wconf 87' lang='lat' dir='ltr'><strong>numero,</strong></span> <span class='ocrx_word' id='word_1_303' title='bbox 1280 2755 1325 2790; x_wconf 90' lang='lat' dir='ltr'><strong>et</strong></span> <span class='ocrx_word' id='word_1_304' title='bbox 1352 2748 1626 2789; x_wconf 88' lang='lat' dir='ltr'><strong>Normannia</strong></span> <span class='ocrx_word' id='word_1_305' title='bbox 1659 2749 1818 2791; x_wconf 90' lang='lat' dir='ltr'><strong>iterum</strong></span> <span class='ocrx_word' id='word_1_306' title='bbox 1851 2749 1895 2790; x_wconf 91' lang='lat' dir='ltr'><strong>in</strong></span> <span class='ocrx_word' id='word_1_307' title='bbox 1928 2762 2084 2790; x_wconf 88' lang='lat' dir='ltr'><strong>manus</strong></span> <span class='ocrx_word' id='word_1_308' title='bbox 2116 2747 2222 2789; x_wconf 89' lang='lat' dir='ltr'><strong>Gal-</strong></span> 
     </span>
     <span class='ocr_line' id='line_1_32' title="bbox 422 2827 2222 2883; baseline 0.001 -16"><span class='ocrx_word' id='word_1_309' title='bbox 422 2827 601 2879; x_wconf 88' lang='lat' dir='ltr'><strong>licorum</strong></span> <span class='ocrx_word' id='word_1_310' title='bbox 638 2836 743 2873; x_wconf 90' lang='lat' dir='ltr'><strong>tunc</strong></span> <span class='ocrx_word' id='word_1_311' title='bbox 784 2831 962 2872; x_wconf 86' lang='lat' dir='ltr'><strong>redacta</strong></span> <span class='ocrx_word' id='word_1_312' title='bbox 993 2835 1072 2880; x_wconf 87' lang='lat' dir='ltr'><strong>est,</strong></span> <span class='ocrx_word' id='word_1_313' title='bbox 1108 2829 1151 2870; x_wconf 91' lang='lat' dir='ltr'><strong>in</strong></span> <span class='ocrx_word' id='word_1_314' title='bbox 1188 2835 1388 2883; x_wconf 88' lang='lat' dir='ltr'><strong>tempore</strong></span> <span class='ocrx_word' id='word_1_315' title='bbox 1429 2827 1543 2882; x_wconf 87' lang='lat' dir='ltr'><strong>regis</strong></span> <span class='ocrx_word' id='word_1_316' title='bbox 1581 2828 1764 2871; x_wconf 81' lang='lat' dir='ltr'><strong>Hem-ici</strong></span> <span class='ocrx_word' id='word_1_317' title='bbox 1803 2829 1946 2871; x_wconf 84' lang='lat' dir='ltr'><strong>Sexti.</strong></span> <span class='ocrx_word' id='word_1_318' title='bbox 2019 2829 2092 2869; x_wconf 92' lang='lat' dir='ltr'><strong>Ex</strong></span> <span class='ocrx_word' id='word_1_319' title='bbox 2133 2840 2222 2881; x_wconf 90' lang='lat' dir='ltr'><strong>quo</strong></span> 
     </span>
    </p>
   </div>
  </div>
 </body>
</html>
