2456 3210
614 250 746 287 LOCI
779 250 819 285 E
856 249 1023 285 LIBRO
1068 247 1270 284 VERITA
1281 247 1416 283 TUM.
1847 254 1865 281 1
1875 253 1927 296 19

115 394 285 451 populi,
316 407 393 436 seu
417 394 476 435 ad
505 393 697 434 officium
726 392 770 432 in
800 390 977 445 populo,
1012 395 1057 431 et
1086 403 1184 430 reus
1220 394 1287 430 est
1317 388 1456 430 eciam
1493 393 1538 429 et
1569 388 1746 430 debitor
1775 401 1924 429 coram

119 477 222 518 Deo
260 476 458 518 omnium
498 474 731 516 bonorum*
761 478 954 522 actuum,
993 471 1069 524 qui
1115 483 1175 511 ex
1214 469 1368 510 debito
1413 469 1458 510 in
1505 468 1581 510 illo
1624 468 1769 510 officio
1806 467 1926 510 facta

118 556 314 608 fuissent,
345 557 382 598 si
411 555 697 597 sufficientem
726 565 963 607 personam
994 564 1097 593 cum
1128 549 1279 592 debita
1313 549 1564 591 intencione
1595 550 1640 591 in
1673 548 1748 590 illo
1780 549 1925 590 officio

119 637 369 679 ordinasset
398 650 476 678 seu
503 635 693 677 ordinari
723 634 968 675 laborasset
998 663 1009 672 .
1041 664 1053 674 .
1083 663 1096 672 .
1125 662 1137 673 .
1166 631 1324 684 Nuper
1349 630 1467 671 enim
1495 644 1609 671 unus
1635 629 1926 684 episcopellus

120 718 240 760 dixit
272 719 318 759 in
351 716 623 759 consessione
652 715 727 755 uni
758 727 921 768 magno
955 713 1188 767 peccatori,
1218 711 1289 753 cui
1322 711 1557 753 videbatur
1585 711 1706 764 quod
1740 710 1926 751 horribi-

120 798 287 840 lissime
312 797 519 852 peccavit,
547 796 646 837 ‘Da
671 792 829 846 michi,’
855 794 1008 848 inquit,
1029 791 1103 834 ‘xl
1130 791 1306 843 solidos,
1328 797 1374 833 et
1403 792 1598 833 animam
1629 804 1776 832 meam
1806 804 1926 845 pono

121 891 203 932 pro
229 878 379 920 animo
406 883 483 919 tuo
509 889 658 919 coram
685 872 813 916 Deo?
874 874 1036 915 Merito
1063 873 1104 914 ei
1130 873 1301 914 dicetur
1323 886 1351 913 a
1372 871 1484 923 Deo,
1506 876 1516 894 ‘
1532 871 1804 925 Sanguinem
1831 871 1927 925 ejus

121 959 182 1000 de
207 971 339 999 manu
360 964 437 1000 tua
462 953 704 1011 requiram.'
725 988 735 997 .
758 986 769 996 .
790 987 800 997 .
823 987 833 996 .
856 954 897 996 O
920 953 1115 996 Domine
1134 953 1282 995 Deus!
1314 952 1508 994 concede
1535 958 1585 993 ut
1611 951 1798 993 vicarius
1823 958 1927 993 tuus

122 1051 240 1092 papa
275 1038 504 1080 Romanus
537 1036 657 1078 dicat
695 1035 782 1076 illis
819 1034 1137 1088 peccatoribus,
1171 1034 1246 1088 qui
1286 1034 1472 1075 credunt
1512 1032 1634 1073 nulla
1672 1032 1743 1074 vel
1783 1046 1927 1086 pauca

121 1118 282 1172 requiri
315 1117 386 1160 vel
420 1117 539 1171 exigi
573 1117 631 1158 ad
666 1115 992 1169 indulgenciam
1026 1114 1293 1165 habendam,
1327 1114 1408 1155 nisi
1444 1113 1663 1164 daciones,
1697 1113 1768 1154 vel
1802 1113 1927 1154 obla-

121 1199 271 1240 ciones
302 1197 512 1253 pecuniae,
546 1197 616 1238 vel
651 1209 908 1246 munerum3
946 1195 1134 1248 pecunia
1168 1200 1316 1235 vestra
1347 1193 1577 1234 vobiscum
1612 1193 1670 1234 sit
1704 1193 1748 1234 in
1782 1194 1928 1247 perdi-

121 1279 308 1328 cionem,
346 1279 428 1320 i.e.
466 1291 567 1320 cum
607 1276 879 1331 obligatione
919 1289 1008 1329 qua
1043 1273 1139 1328 jam
1178 1274 1363 1328 obligati
1404 1273 1511 1315 estis
1548 1287 1697 1315 coram
1734 1273 1834 1315 Deo
1868 1275 1926 1316 ad

120 1372 303 1413 poenam
330 1365 541 1401 aeternam
571 1358 676 1412 quia
705 1356 995 1398 existimastis
1023 1356 1190 1396 donum
1222 1355 1321 1406 Dei,
1351 1367 1563 1408 magnum
1596 1361 1642 1396 et
1671 1354 1928 1408 perfectum,

121 1452 204 1493 per
229 1439 462 1494 pecuniam
490 1438 643 1480 haberi
674 1443 720 1478 et
750 1436 948 1478 conferri.

237 1525 290 1570 [p.
321 1524 415 1568 581]
474 1519 604 1560 Heu!
640 1518 743 1572 quia
771 1517 866 1571 jam
898 1522 1103 1570 quaerunt
1132 1515 1338 1557 homines
1366 1515 1531 1556 habere
1563 1521 1609 1557 et
1639 1515 1832 1569 recipere
1864 1516 1928 1556 in-

115 1599 376 1655 *dulgencias
404 1613 433 1641 a
462 1599 561 1641 Deo
591 1612 672 1653 per
700 1598 847 1639 media
880 1604 926 1639 et
956 1610 1091 1651 opera
1121 1596 1224 1638 vilia
1254 1602 1301 1638 et
1331 1596 1487 1644 facilia,
1518 1609 1619 1650 quae
1647 1595 1785 1637 homo
1814 1610 1927 1650 prae—

122 1680 231 1734 cipit
263 1686 308 1722 et
342 1680 558 1729 concedit,
587 1679 740 1733 pocius
775 1691 910 1732 quam
946 1691 1028 1731 per
1060 1676 1138 1717 illa
1171 1690 1307 1731 opera
1340 1690 1441 1729 quae
1476 1676 1600 1717 Deus
1634 1677 1844 1730 praecipit,
1882 1683 1928 1718 et

123 1773 225 1814 quae
254 1761 371 1803 racio
400 1767 446 1802 et
471 1761 685 1815 scriptura
711 1758 830 1800 bona
858 1772 954 1799 esse
982 1757 1192 1806 ostendit,
1219 1770 1279 1798 sc.
1304 1770 1383 1810 per
1406 1756 1635 1808 biberium,
1662 1771 1740 1797 seu
1770 1763 1927 1810 potum

123 1839 332 1882 haustum
362 1841 422 1882 ab
451 1854 541 1882 uno
575 1839 718 1894 cipho,
750 1839 806 1880 de
836 1853 924 1892 quo
953 1837 1156 1879 homines
1191 1837 1253 1878 sic
1287 1837 1459 1885 bibunt,
1490 1838 1610 1890 quod
1646 1837 1928 1888 inebriantur,

125 1925 334 1974 putantes
362 1934 411 1962 se
438 1934 520 1975 per
548 1919 674 1961 illum
703 1919 913 1960 haustum
942 1918 1116 1959 veniam
1147 1917 1326 1972 plenam
1355 1916 1518 1958 habere
1547 1931 1575 1958 a
1606 1917 1706 1958 Deo
1736 1918 1927 1970 plurium

126 1999 342 2041 malorum
381 2005 428 2042 et
466 2013 742 2054 magnorum.
802 1999 969 2040 Dicunt
1008 1998 1126 2038 enim
1163 1997 1366 2038 homines
1401 1997 1612 2048 modemi‚
1647 1998 1768 2051 quod
1809 2011 1928 2050 papa

126 2085 176 2122 et
212 2079 405 2134 episcopi
449 2079 752 2134 indulgencias
796 2084 1106 2120 concesserunt
1148 2077 1427 2119 visitantibus
1472 2085 1643 2119 certum
1682 2078 1840 2124 locum,
1883 2083 1929 2118 et

125 2159 380 2202 bibentibus
406 2161 465 2202 ad
497 2173 722 2202 summum
754 2160 812 2200 de
844 2158 924 2200 tali
957 2157 1099 2211 cipho,
1130 2164 1176 2199 et
1206 2157 1404 2199 offerenti
1437 2158 1670 2212 pecuniam
1707 2157 1785 2198 tali
1817 2157 1927 2207 loco,

127 2246 176 2281 et
200 2245 362 2294 putant
379 2238 466 2281 alia
489 2254 590 2294 quae
613 2245 717 2282 sunt
738 2239 979 2281 necessaria
1006 2237 1137 2279 saluti
1162 2237 1322 2279 animae
1342 2252 1430 2279 non
1459 2252 1553 2279 esse
1574 2237 1827 2287 necessaria,
1848 2250 1928 2279 nec

127 2319 280 2361 debita
302 2317 395 2360 fieri
420 2319 479 2360 ab
506 2320 699 2372 eisdem;
734 2319 808 2362 ‘Si
835 2319 952 2360 enim
980 2318 1252 2369 sacrificium,
1279 2319 1307 2359 i.
1319 2332 1357 2359 e.
1386 2318 1674 2368 oblacionem‚
1703 2317 1927 2368 voluisses,

130 2400 172 2442 O
200 2398 348 2440 Deus!
388 2398 469 2439 tibi
497 2399 731 2451 dedissem,
760 2397 857 2441 etc.'
918 2388 1076 2441 Omnis
1106 2398 1237 2450 enim,
1265 2399 1335 2439 vel
1366 2398 1489 2452 quasi
1520 2398 1674 2447 omnis,
1705 2397 1851 2438 zelant
1882 2405 1927 2439 et

128 2485 288 2534 optant
321 2477 485 2520 habere
515 2480 689 2520 veniam
723 2485 769 2521 et
801 2479 1074 2520 delecionem
1104 2479 1248 2519 omnis
1277 2478 1419 2532 culpae
1452 2485 1497 2520 et
1532 2491 1688 2531 poenae‚
1721 2478 1797 2517 sed
1829 2478 1927 2530 quis

128 2565 257 2614 optat
294 2557 459 2599 habere
496 2558 643 2599 media
679 2572 759 2613 per
791 2573 893 2613 quae
933 2572 1082 2600 coram
1118 2558 1218 2599 Deo
1257 2559 1314 2600 ad
1355 2558 1531 2599 veniam
1571 2557 1830 2611 pervenitur,
1866 2571 1927 2599 sc.

128 2640 294 2681 bonam
325 2643 371 2679 et
398 2637 683 2679 sufficientem
711 2638 986 2681 voluntatem
1017 2638 1207 2679 hominis
1237 2639 1294 2679 ad
1333 2638 1493 2679 Deum.

191 2717 328 2767 Cave,
359 2730 415 2758 ne
445 2716 559 2758 forte
592 2717 796 2772 surripiat
823 2719 905 2760 tibi
936 2718 1073 2773 impia
1102 2717 1328 2771 cogitacio,
1361 2724 1406 2758 et
1441 2717 1560 2757 dicas
1599 2716 1644 2756 in
1673 2716 1805 2758 corde
1834 2723 1925 2767 tuo,

131 2804 145 2822 ‘
157 2797 502 2852 Appropinquat
515 2810 657 2839 annus
676 2797 965 2850 remissionis,’
982 2798 1316 2840 Deuteronomii
1339 2806 1388 2848 15
1406 2800 1488 2837 ca0.
1532 2795 1605 2837 Sic
1627 2802 1690 2845 tu,
1707 2795 1748 2838 O
1765 2796 1925 2839 homo!
