2456 3210
452 254 533 298 180
951 266 1085 302 LOCI
1118 267 1158 302 E
1195 267 1361 303 LIBRO
1411 267 1756 304 VERITATUM.

448 409 680 463 paciuntur
718 424 850 466 super
885 411 1154 453 contricione
1193 410 1403 465 Josephi,’
1440 409 1600 461 Amos,
1637 417 1770 453 sexto
1811 411 2018 466 capitulo,
2051 411 2078 454 i.
2093 426 2128 454 e.
2170 425 2258 454 non

451 491 794 544 compaciuntur,
824 506 904 533 nec
935 492 1088 534 dolent
1118 506 1197 546 pro
1226 491 1310 533 illis
1337 492 1413 545 qui
1440 498 1630 545 pereunt
1654 506 1734 546 per
1759 492 1981 535 defectum
2006 493 2193 544 noticiae,
2214 499 2259 535 et

447 569 556 612 boni
585 578 776 613 rectores
803 578 847 614 et
873 573 979 615 boni
1005 572 1200 626 exempli
1226 572 1339 614 tales
1367 572 1531 624 dicunt,
1560 573 1679 615 ‘dies
1710 573 1877 627 priores
1906 574 2108 616 meliores
2136 579 2260 615 erant

450 665 586 705 quam
627 651 723 694 isti!
784 652 983 695 Stultum
1021 659 1089 695 est
1125 653 1243 694 enim
1280 652 1439 694 referre
1473 654 1531 695 ad
1564 659 1767 707 tempora
1803 668 1904 696 cum
1939 653 1984 695 in
2019 660 2168 696 nostra
2199 654 2259 696 sit

450 738 673 786 potestate
704 734 773 775 vel
809 734 975 775 bonum
1009 735 1127 776 diem
1160 734 1304 775 facere
1339 734 1466 776 nobis
1495 733 1565 776 vel
1596 734 1776 786 malum,
1810 740 1859 776 ut
1892 735 2033 789 inquit
2070 734 2259 777 Sanctus

451 812 702 865 Jeronimus
733 828 864 869 super
891 813 1038 856 Amos
1068 814 1344 868 prophetam,
1375 819 1460 856 ca0.
1491 813 1568 868 vj0.

568 900 618 943 [p.
639 900 733 943 411.]
763 894 918 950 Aliqui
939 902 1089 937 autem
1110 895 1410 950 praedicabant
1432 895 1572 937 sancti
1593 895 1683 946 viri,
1707 895 1877 936 nullum
1898 895 2050 937 thema
2069 895 2139 937 vel
2160 901 2261 937 tex-

451 978 549 1014 tum
580 974 624 1015 in
655 975 869 1030 principio
897 976 1109 1018 sermonis
1137 977 1417 1027 assumendo,
1445 976 1523 1018 sed
1551 981 1693 1018 certas
1722 976 1930 1018 materias
1957 976 2260 1030 proponendo,

453 1054 664 1107 dicentes,
686 1056 875 1108 ‘Hodie,
896 1056 1138 1098 invocando
1169 1057 1360 1111 Spiritus
1387 1056 1540 1099 Sancti
1564 1057 1770 1111 graciam,
1792 1057 1849 1098 ad
1875 1057 2162 1111 aperiendum
2188 1070 2263 1099 cor

454 1149 614 1187 meum,
648 1143 692 1178 et
729 1136 1000 1179 intellectum
1031 1137 1295 1186 auditorum,
1332 1137 1514 1179 intendo
1545 1136 1664 1191 loqui
1700 1137 1824 1177 vobis
1856 1138 1913 1178 de
1947 1137 2265 1179 resurrectione

453 1229 481 1256 a
512 1222 707 1269 peccato,
738 1223 783 1258 et
813 1218 869 1259 de
900 1219 1215 1260 resurrectione
1246 1218 1429 1260 Domini
1459 1218 1598 1260 nostri
1627 1217 1733 1271 Jesu
1765 1217 1845 1258 Xti
1877 1217 2104 1271 corporali,
2133 1223 2178 1259 et
2205 1217 2263 1259 de

454 1298 770 1339 resurrectione
800 1297 1030 1340 hominum
1061 1299 1194 1350 finali,
1226 1305 1270 1340 et
1301 1299 1358 1341 de
1388 1298 1710 1353 pertinentibus
1740 1298 1798 1339 ad
1828 1298 1935 1339 istas
1966 1297 2200 1340 materias.'

573 1384 623 1427 [p.
646 1385 741 1428 425]
812 1379 915 1421 Hoc
946 1381 1064 1421 enim
1096 1386 1251 1422 notum
1284 1386 1351 1421 est
1381 1380 1425 1420 in
1457 1393 1591 1433 regno
1620 1377 1811 1432 Angliae,
1843 1378 1963 1431 quod
1995 1377 2067 1419 ille
2098 1377 2265 1420 archie-

457 1459 675 1513 piscopus,
707 1460 782 1514 qui
813 1475 944 1502 causa
977 1461 1059 1503 fuit
1090 1462 1209 1515 quod
1240 1461 1369 1515 pauci
1399 1460 1470 1501 vel
1500 1459 1609 1501 nulli
1638 1459 1929 1513 praedicarent
1960 1459 2052 1499 sine
2082 1459 2264 1500 licencia

457 1540 678 1581 diocesani
704 1541 774 1583 vel
803 1543 1147 1597 metropolitani,
1175 1556 1255 1596 pro
1285 1555 1372 1595 qua
1403 1540 1497 1594 jam
1528 1553 1699 1594 magnae
1727 1553 1877 1593 preces
1906 1539 2028 1591 fiunt,
2051 1546 2097 1581 et
2124 1540 2263 1581 eciam

457 1620 658 1673 pecuniae
702 1622 863 1664 dantur
910 1624 1130 1677 episcopo,
1172 1623 1377 1665 obtrusus
1418 1622 1499 1663 fuit
1544 1621 1619 1663 diu
1666 1627 1769 1662 ante
1813 1625 2002 1661 mortem
2051 1633 2177 1660 suam
2218 1619 2263 1661 in

458 1705 638 1753 gutture
678 1716 757 1755 per
801 1717 850 1744 os
898 1705 1170 1746 descendens
1217 1704 1261 1745 in
1307 1709 1460 1758 guttur
1499 1716 1640 1753 suum,
1680 1701 1801 1756 quod
1845 1714 2071 1754 nunquam
2118 1701 2267 1754 potuit

460 1780 691 1833 deglutire,
731 1796 812 1824 nec
859 1785 1093 1838 expellere,
1135 1792 1180 1827 et
1225 1785 1287 1827 sic
1331 1798 1389 1825 ex
1433 1783 1508 1824 illo
1551 1781 1847 1831 moriebatur3
1899 1786 1943 1822 et
1988 1779 2072 1822 fuit
2115 1779 2265 1822 bacal-

461 1859 594 1901 larius
629 1861 812 1903 Arcium
848 1869 951 1905 tunc
987 1865 1030 1905 in
1061 1866 1202 1919 gradu
1239 1865 1471 1907 scolastico
1507 1863 1708 1910 Oxoniae,
1738 1874 1825 1902 non
1858 1860 1999 1902 sciens
2035 1874 2115 1902 ηερ
2147 1866 2266 1902 recte
2324 1854 2327 1856 ¹

461 1940 713 1983 discernens
753 1956 853 1996 quae
889 1958 947 1985 ex
980 1945 1055 1986 illa
1087 1945 1399 1987 constitutione
1435 1944 1554 1985 edita
1584 1943 1629 1983 in
1658 1948 1857 1995 tempore
1891 1941 2026 1995 ipsius
2061 1940 2266 1982 Arundel

462 2028 762 2075 sequerentur.
837 2023 938 2076 Jam
976 2025 1091 2066 enim
1128 2025 1322 2080 episcopi
1363 2038 1443 2066 nec
1479 2021 1796 2079 praedicacione
1827 2026 1998 2070 vacant,
2032 2035 2112 2063 nec
2152 2035 2265 2075 prae-

464 2102 681 2144 dicatores
715 2103 759 2144 in
794 2117 873 2145 sua
904 2104 1117 2147 exhibent
1150 2106 1326 2157 diocesi,
1358 2118 1438 2146 nec
1469 2104 1579 2146 tales
1610 2102 1712 2143 illuc
1743 2101 1934 2151 mittunt,
1967 2106 2035 2142 set
2065 2101 2153 2152 vix,
2185 2114 2264 2155 pro

464 2184 636 2238 magnis
674 2184 877 2237 precibus
917 2175 1238 2226 mundanorum
1279 2193 1324 2228 et
1364 2199 1444 2239 pro
1484 2183 1689 2238 pecuniis,
1730 2181 1955 2223 licenciam
1996 2180 2264 2235 praedicandi

462 2265 522 2306 ad
546 2271 723 2319 tempus
752 2265 814 2306 eis
838 2264 1050 2318 placitum
1082 2267 1234 2319 paucis
1265 2265 1511 2307 concedunt
1542 2263 1584 2304 in
1615 2261 1704 2303 suis
1734 2261 1890 2303 litteris
1920 2261 2104 2315 scriptis,
2128 2266 2172 2302 et
2202 2260 2264 2302 sic

463 2347 647 2389 verbum
685 2346 771 2387 Dei
798 2345 892 2399 jam
929 2351 995 2386 est
1027 2345 1267 2400 alligatum,
1293 2352 1338 2388 et
1370 2345 1470 2387 ideo
1499 2342 1686 2398 plurima
1717 2341 1833 2383 mala
1867 2341 2095 2390 inundant,
2128 2347 2183 2392 et,
2215 2347 2265 2382 ut

463 2426 698 2470 verisimile
728 2433 806 2478 est,
838 2425 978 2467 indies
1009 2425 1296 2468 inundabunt.
1368 2425 1566 2479 Dignum
1599 2429 1665 2464 est
1695 2429 1743 2464 ut
1774 2422 1940 2477 indigni
1971 2420 2266 2463 excludantur

464 2523 492 2550 a
525 2508 848 2563 praedicatione,
886 2512 954 2548 set
990 2520 1089 2560 quae
1130 2508 1239 2549 ratio
1276 2513 1343 2548 est
1382 2511 1431 2546 ut
1467 2504 1590 2558 quasi
1627 2516 1780 2544 omnes
1816 2502 2149 2556 suspendantur,
2184 2514 2264 2542 nec

463 2589 706 2645 praedicent
726 2587 907 2631 verbum
929 2587 1015 2628 Dei
1038 2587 1117 2628 nisi
1146 2587 1340 2629 habeant
1367 2585 1594 2627 licenciam
1623 2583 1816 2637 episcopi
1844 2581 2064 2624 diocesani
2094 2581 2265 2635 magnis

465 2670 667 2725 precibus
709 2675 753 2711 et
792 2668 988 2724 pecuniis
1028 2666 1287 2722 optentam?
1346 2667 1417 2708 Ita
1452 2664 1568 2706 enim
1604 2663 1761 2705 soliciti
1798 2669 1943 2704 essent
1978 2661 2171 2716 episcopi
2205 2659 2264 2702 ad

467 2752 732 2793 mittendum
764 2751 906 2792 bonos
939 2754 983 2790 et
1015 2755 1154 2802 aptos,
1187 2748 1300 2790 sicut
1331 2745 1621 2787 intendebant
1652 2743 1820 2785 solicite
1853 2742 2088 2785 excludere
2123 2739 2265 2782 malos

467 2847 495 2874 a
523 2833 649 2880 vinea
683 2832 875 2881 Domini,
908 2844 962 2872 ne
992 2829 1104 2871 forte
1134 2829 1245 2871 vites
1278 2832 1501 2869 mutentur
1533 2825 1575 2866 in
1608 2825 1843 2866 labruscas.
