2456 3210
460 255 539 310 158
947 256 1093 296 'LOCJ
1127 259 1166 294 E
1204 259 1368 294 LIBRO
1418 257 1759 293 VERJTATUM.

459 405 697 457 Columnis,
734 403 990 459 nepotulum
1023 404 1202 446 Martini
1232 403 1385 456 quinti,
1413 402 1486 456 qui
1518 402 1607 443 duo
1642 401 1888 443 habuerunt
1917 402 2105 456 plurima
2134 402 2258 443 bona'

455 493 626 528 terrena
653 500 680 527 a
703 485 898 527 Martino
929 485 1084 539 quinto
1114 490 1216 538 post
1248 490 1435 524 mortem
1460 482 1565 536 erS‚
1587 488 1740 524 contra
1766 482 2040 526 voluntatem
2063 482 2252 537 Eugenii

456 648 531 702 qui
572 647 615 688 in
652 646 771 687 bulla
809 660 898 697 sua,
931 659 1064 700 quam
1104 645 1194 686 vidi
1228 644 1432 693 Oxoniae,
1469 644 1617 685 scribit
1658 657 1817 685 nomen
1857 658 1985 686 suum
2027 644 2256 695 Calistum,

459 742 547 769 non
579 727 843 777 Kalixtum3
880 732 924 767 et
957 726 1000 767 in
1031 732 1231 779 tempore
1262 739 1391 779 papae
1421 723 1624 766 Nicholai
1655 725 1808 778 quinti,
1840 731 1885 767 et
1914 731 2112 780 tempore
2142 725 2256 779 regis

458 808 637 863 Angliae
670 807 849 848 Henrici
873 806 1015 856 Sexti,
1047 806 1129 847 fuit
1159 806 1311 847 civitas
1343 805 1750 860 Constantinopolis
1779 812 1921 860 capta,
1951 812 1995 848 et
2025 807 2070 847 in
2101 819 2256 847 manus

459 889 701 930 Turcorum
742 900 1015 942 paganorum
1061 887 1239 935 tradita,
1284 899 1364 939 per
1408 885 1606 927 fraudem
1648 893 1693 928 et
1733 887 2021 941 cupiditatem
2063 887 2257 940 Jannen-

459 970 584 1018 sium,
627 974 672 1010 et
713 967 866 1009 Xtiani
907 981 934 1009 a
973 967 1150 1009 civitate
1193 966 1268 1008 illa
1307 973 1413 1008 tunc
1462 966 1636 1020 expulsi
1679 967 1749 1008 vel
1793 968 1923 1009 occisi
1971 967 2158 1018 fuerunt,
2198 968 2256 1010 ad

460 1063 692 1091 numerum
731 1047 1050 1102 quinquaginta
1091 1047 1228 1089 millia
1271 1047 1462 1089 virorum
1505 1053 1549 1089 et
1594 1047 1825 1088 mulierum
1867 1055 1912 1090 et
1945 1048 2168 1102 juvenum,
2208 1055 2259 1090 ut

459 1130 549 1172 vidi
588 1130 799 1183 scriptum
840 1129 884 1170 in
919 1128 1045 1170 litera
1079 1129 1213 1171 missa
1251 1143 1278 1170 a
1319 1129 1466 1170 Roma
1497 1127 1698 1180 Oxoniae,
1730 1135 1774 1170 et
1804 1143 1966 1171 nomen
2008 1129 2259 1184 principalis

460 1211 593 1252 Turci
629 1217 734 1252 ωηο
766 1210 847 1252 fuit
886 1209 1166 1252 Macometus
1202 1209 1311 1263 Bey,
1349 1210 1374 1250 i.
1397 1223 1433 1250 e.
1465 1209 1679 1261 dominus,
1716 1210 1790 1263 qui
1824 1210 2012 1264 plurima
2043 1210 2161 1252 mala
2193 1210 2258 1251 in-

462 1292 561 1334 tulit
595 1291 800 1341 Xtianis;
838 1296 883 1332 et
913 1296 1019 1332 tunc
1054 1292 1234 1332 recessit
1269 1291 1327 1332 ab
1357 1290 1613 1332 obediencia
1643 1290 1757 1344 regis
1790 1289 1969 1344 Angliae
2001 1291 2260 1346 Andegavis

462 1375 505 1414 in
536 1373 814 1426 Andegavia,
844 1378 888 1413 et
922 1370 1221 1414 Cenomannis
1252 1353 1303 1413 in.
1323 1371 1639 1422 Cenomannia,
1669 1385 1780 1425 quas
1811 1386 1890 1413 rex
1920 1372 2110 1427 Angliae,
2135 1373 2260 1414 Hen-

463 1456 575 1495 ricus
594 1453 701 1507 vj²¹¹⁸‚
722 1453 804 1494 sub
832 1452 977 1506 sigillo
1006 1466 1085 1494 suo
1113 1466 1288 1506 magno,
1310 1453 1435 1494 dedit
1461 1452 1562 1494 duci
1592 1452 1844 1506 Lotringiae‚
1865 1454 1978 1506 patri
2010 1460 2114 1496 tunc
2142 1454 2262 1495 Mar-

463 1540 626 1588 garetae
653 1533 813 1587 reginae
833 1532 1024 1587 Angliae,
1045 1539 1090 1575 et
1116 1533 1366 1575 haeredibus
1394 1533 1591 1587 ejusdem
1623 1532 1757 1584 ducis,
1779 1538 1823 1574 et
1843 1533 1931 1575 cito
1958 1540 2060 1587 post
2084 1534 2264 1576 recessit

464 1621 560 1656 tota
589 1614 875 1664 Normannia,
908 1619 953 1655 et
987 1619 1084 1655 tota
1116 1614 1301 1655 Francia
1331 1614 1388 1655 ab
1421 1613 1677 1655 obediencia
1709 1612 1906 1666 ejusdem
1939 1614 2052 1668 regis
2081 1614 2263 1668 Angliae

468 1694 649 1735 Henrici
669 1692 751 1747 vjti,
776 1699 821 1734 et
848 1694 983 1735 etiam
1002 1693 1225 1736 Vasconia
1252 1699 1297 1735 et
1323 1693 1600 1748 Burdegalia.
1660 1693 1722 1734 Et
1744 1693 1866 1735 idem
1894 1707 1975 1735 rex
2003 1694 2139 1746 dedit,
2158 1708 2186 1736 a
2215 1708 2264 1737 se

466 1782 511 1816 et
540 1774 597 1815 ab
626 1773 875 1814 haeredibus
905 1774 1006 1824 suis,
1030 1775 1154 1827 quasi
1186 1788 1339 1815 omnes
1359 1780 1496 1816 terras
1527 1780 1571 1816 et
1597 1780 1739 1816 castra
1762 1787 1935 1815 coronae
1956 1773 2135 1829 Angliae
2165 1788 2265 1829 per-

465 1854 658 1896 tinencia
691 1853 882 1894 dominis
918 1855 1046 1896 certis
1082 1855 1126 1896 in
1162 1854 1341 1908 Anglia,
1376 1861 1421 1897 et
1459 1853 1633 1896 famulis
1667 1854 1825 1895 domus
1860 1854 1991 1908 regiae
2027 1861 2072 1897 et
2111 1869 2263 1897 eorum

465 1933 727 1985 haeredibus,
757 1934 819 1974 ita
846 1934 966 1987 quod
999 1934 1073 1975 ille
1103 1948 1183 1975 rex
1204 1934 1384 1989 Angliae
1413 1935 1491 1976 vix
1520 1935 1664 1988 potuit
1694 1934 1947 1988 expendere
1977 1935 2033 1976 de
2062 1937 2188 1978 terris
2218 1942 2265 1978 et

442 2014 731 2058 -tenementis
757 2014 813 2055 ad
838 2013 1032 2055 valorem
1053 2015 1374 2069 quadringenta
1404 2015 1638 2066 librarum;
1669 2021 1713 2056 et
1742 2020 1847 2056 tunc
1874 2016 1918 2056 in
1939 2014 2106 2070 Anglia
2133 2016 2264 2058 occisi

463 2096 642 2137 »fuerunt
677 2108 756 2149 per
789 2093 1015 2148 Anglicos,
1050 2095 1143 2136 dux
1179 2095 1496 2146 Suthfollchiae,
1522 2094 1770 2136 Willelmus
1808 2094 1943 2144 Pulle,
1981 2102 2025 2138 et
2057 2096 2264 2150 Jacobus,

467 2182 651 2218 vocatus
693 2175 898 2217 dominus
941 2176 998 2217 de
1050 2175 1151 2230 Sey,
1194 2183 1238 2218 et
1288 2177 1491 2218 dominus
1530 2174 1777 2216 Willelmus
1823 2175 1993 2226 HaskV,
2035 2178 2265 2232 episcopus

471 2257 643 2308 Sarum,
666 2262 711 2297 et
743 2262 846 2298 tunc
877 2255 1099 2297 confessor
1128 2257 1242 2310 regis
1274 2257 1454 2299 Henrici
1475 2255 1556 2309 vjfi,
1577 2261 1621 2297 et
1651 2255 1818 2296 occisus
1848 2255 1930 2298 fuit
1959 2271 2038 2311 per
2066 2257 2265 2312 proprios

471 2351 575 2378 suos
605 2337 875 2388 diocesanos
903 2342 1004 2390 post
1035 2337 1213 2378 missam
1245 2351 1369 2379 suam
1402 2350 1535 2391 quam
1565 2335 1802 2378 celebravit
1832 2337 1875 2377 in
1911 2337 1982 2379 die
2012 2343 2264 2379 sanctorum

469 2417 771 2471 apostolorum
819 2416 935 2458 Petri
988 2424 1033 2458 et
1086 2418 1219 2466 Pauli,
1269 2423 1314 2459 et
1366 2418 1525 2458 devote
1578 2416 1746 2470 accepit
1796 2423 1985 2458 mortem
2034 2431 2172 2468 suam,
2216 2422 2267 2459 ut

472 2497 714 2547 dicebatur,
754 2503 799 2539 et
843 2496 958 2538 male
1006 2499 1277 2540 tractabatur
1315 2512 1342 2539 a
1381 2498 1469 2538 suis
1513 2496 1754 2537 diocesanis
1804 2498 1999 2552 propriis,
2039 2498 2113 2552 qui
2163 2511 2264 2539 eum

472 2577 746 2628 occidebant,
768 2583 813 2619 et
836 2577 954 2619 bona
977 2591 1056 2618 sua
1084 2578 1222 2619 multa
1252 2578 1491 2632 rapiebant,
1511 2576 1718 2628 dicentes,
1756 2582 1765 2600 ‘
1781 2577 1883 2632 Ipse
1914 2578 2074 2620 mansit
2094 2590 2267 2632 semper

473 2670 574 2698 cum
609 2671 723 2711 rege,
751 2664 795 2700 et
829 2657 911 2700 fuit
947 2656 1040 2711 ejus
1072 2657 1303 2707 confessor,
1336 2663 1380 2699 et
1410 2670 1497 2698 non
1529 2657 1689 2698 mansit
1724 2657 1767 2698 in
1798 2672 1877 2700 sua
1912 2658 2074 2700 diocesi
2106 2656 2264 2700 Sarum

476 2738 715 2789 nobiscum,
755 2752 834 2780 nec
874 2738 1016 2780 tenuit
1046 2737 1407 2791 hospitalitatem,
1444 2737 1544 2778 ideo
1584 2737 1807 2779 occidetur
1822 2735 1845 2790 ;’
1880 2744 1924 2780 et
1964 2739 2025 2779 sic
2064 2737 2264 2779 verbera-

476 2817 584 2859 bant
619 2832 718 2860 eum
758 2825 801 2860 et
835 2818 1142 2872 percuciebant
1183 2833 1296 2867 eum,
1332 2831 1430 2860 cum
1472 2818 1772 2859 instrumentis
1803 2818 2079 2860 horribilibus
2119 2817 2260 2870 ipsum
