2456 3210
630 243 761 278 LOCI
796 242 834 276 E
872 240 1039 276 LIBRO
1086 238 1432 275 VERITATUM
1882 245 1948 287 39,

131 387 301 429 sionem
338 385 611 441 pontificum,
644 386 748 439 quia
783 382 980 426 defensio
1013 382 1209 425 veritatis
1244 388 1349 425 tunc
1380 394 1459 435 per
1490 380 1694 423 doctores
1728 387 1831 422 tunc
1863 390 1945 435 per‘

133 467 276 509 malos
309 467 541 522 episcopos
576 479 664 507 non
696 464 851 506 habuit
884 477 965 518 per
998 463 1230 518 episcopos
1269 458 1363 517 (sic,
1392 458 1547 516 supra)
1580 460 1800 515 prolatam
1841 475 1940 503 sen-

132 547 355 598 tenciam;
400 554 446 588 et
478 560 563 601 ego
594 545 804 599 magister
829 544 1030 586 Thomas
1059 542 1322 596 Gascoigne,
1353 542 1510 585 doctor
1538 555 1675 586 sacrae
1705 540 1940 596 theologiae

133 633 180 669 et
227 626 511 671 cancellarius
558 626 784 680 quondam
829 624 1118 683 oxoniensis,
1154 636 1288 666 manu
1338 636 1438 665 mea
1487 622 1664 676 propria
1711 622 1940 664 subscribo

133 708 346 762 praedicta
374 721 469 749 esse
496 720 611 757 vera,
633 719 735 747 nam
767 705 1006 759 praedictus
1036 705 1267 758 episcopus
1296 702 1571 757 Reginaldus
1602 716 1758 747 omnes
1787 709 1948 749 textus„

132 795 353 839 sonantes,
382 788 612 842 episcopos
645 799 743 828 oese
771 785 993 839 obligatos
1027 799 1105 827 seu
1133 785 1356 827 debitores
1390 784 1448 826 ad
1484 790 1635 827 actum
1670 784 1859 827 docendi
1895 790 1940 825 et

133 868 415 922 praedicandi,
449 882 508 909 ex
543 866 720 921 proprio
759 880 839 907 suo
879 866 1026 919 capite
1062 865 1265 919 glosavit,
1295 865 1447 907 dicens
1483 865 1603 918 quod
1638 862 1948 917 intelliguntur,

134 948 193 991 de
235 947 397 990 curatis
446 946 724 996 immediatis
768 959 829 987 sc.
879 945 1120 987 rectoribus
1163 944 1447 988 ecclesiarum
1491 943 1821 998 parochialium,
1864 944 1941 997 qui

134 1034 241 1071 tunc
272 1027 543 1070 vocabantur
576 1026 781 1081 episcopi,
814 1032 863 1067 ut
895 1026 989 1079 ipse
1023 1025 1254 1079 episcopus
1282 1023 1548 1070 Amavensis
1577 1024 1746 1067 asserit.
1824 1024 1941 1067 Item

136 1108 256 1149 idem
295 1107 526 1168 episcopus
566 1107 708 1148 tenuit
746 1106 864 1160 quod
906 1113 1108 1159 tempore
1147 1105 1352 1159 Dionysii
1392 1118 1537 1159 papae,
1573 1103 1689 1148 facta
1728 1103 1943 1146 divisione

134 1187 453 1244 parochiarum,
481 1200 635 1228 omnoe
665 1186 859 1241 episcopi
888 1192 1107 1228 exuerunt
1140 1198 1190 1229 se
1218 1185 1481 1229 auctoritate
1516 1185 1692 1239 propria
1722 1184 1780 1226 ab
1810 1198 1942 1225 onere

135 1267 280 1322 priori,
314 1281 371 1309 sc.
411 1267 471 1309 ab
509 1274 612 1309 actu
652 1266 933 1321 praedicandi,
968 1272 1014 1307 et
1053 1265 1340 1320 imponebant
1382 1265 1490 1307 illud
1532 1278 1645 1319 opus
1686 1265 1948 1313 rectoribus,

135 1348 262 1403 quod
291 1355 359 1389 eet
398 1347 571 1396 salsum,
606 1354 653 1390 et
689 1361 779 1388 non
813 1359 1055 1388 consonum
1096 1345 1216 1388 sacto
1251 1344 1439 1388 Dionisii
1474 1346 1550 1399 qui
1588 1344 1674 1387 hoc
1714 1357 1804 1393 non
1838 1344 1945 1406 fecit

136 1440 219 1469 nec
247 1412 392 1471 facene
419 1429 565 1482 potuit
592 1427 814 1470 stantibus
843 1426 1033 1482 paribus,
1062 1439 1121 1468 sc.
1152 1425 1365 1470 mandato
1398 1425 1482 1469 Dei
1515 1432 1560 1467 et
1595 1424 1680 1467 illis
1710 1438 1812 1478 quae
1842 1432 1947 1469 sunt

137 1508 379 1553 necessaria
408 1508 466 1550 ad
495 1507 685 1550 salutern
714 1507 975 1550 animarum.

251 1594 297 1638 [p.
325 1593 419 1639 396]
478 1587 688 1642 Apostoli
728 1601 815 1628 non
851 1585 1077 1628 exuebant
1117 1599 1166 1628 se
1199 1600 1228 1630 a
1262 1586 1461 1631 doctrina
1499 1584 1619 1633 verbi
1658 1584 1742 1626 Dei
1783 1585 1827 1626 in
1862 1596 1944 1627 sua·

136 1668 265 1711 totali
299 1668 475 1719 diocesi,
509 1669 629 1722 quod
665 1674 734 1710 est
772 1674 924 1709 contra
962 1665 1181 1709 novellam
1222 1666 1470 1709 doctrinam
1507 1665 1745 1720 Reginaldi
1782 1665 1946 1715 Pecok,

136 1747 312 1791 Wallici
351 1748 531 1803 origine,
567 1753 672 1790 tunc
710 1747 905 1802 episcopi
945 1745 1212 1789 Assavensis
1250 1753 1296 1789 et
1336 1751 1493 1800 postea
1510 1785 1517 1789 ,
1534 1744 1833 1796 Cicoetrensis,
1867 1746 1946 1799 qui

138 1842 256 1870 anno
289 1828 369 1870 Xti
403 1838 510 1880 1447
540 1828 627 1870 hoc
658 1828 809 1870 docuit
838 1827 1086 1869 Londoniae
1116 1827 1162 1869 in
1193 1826 1431 1882 perniciem
1463 1826 1653 1880 plurium
1688 1833 1732 1868 et
1764 1839 1942 1869 causam

138 1908 328 1963 plurium
363 1908 591 1950 malorum.

256 1996 301 2039 [p
328 1994 425 2038 401]
481 1988 618 2031 Anno
659 1988 841 2031 Domini
887 1971 1201 2029 incarnacionis
1249 1999 1359 2040 1449
1406 1993 1450 2029 et
1490 1993 1647 2041 postea
1688 1986 1943 2041 praedicavit

142 2067 416 2121 Reginaldus
444 2068 592 2110 Pecok
624 2068 870 2111 Londoniae
910 2068 967 2109 ad
1008 2080 1181 2110 crucem
1225 2065 1376 2110 Sancti
1415 2066 1538 2108 Pauli
1580 2066 1780 2121 apostoli,
1822 2066 1941 2119 quod

140 2148 374 2202 episcopus
405 2162 493 2190 non
528 2155 705 2192 tenetur
737 2148 978 2203 praedicare
1018 2147 1063 2189 in
1101 2146 1186 2190 hoc
1226 2147 1346 2200 quod
1388 2154 1455 2189 est
1502 2147 1745 2201 episcopus,
1781 2159 1856 2186 seu
1899 2145 1941 2191 in

142 2233 356 2281 quantum
387 2234 454 2269 est
489 2229 732 2285 episcopus,
762 2235 807 2270 et
836 2228 975 2269 eciam
1006 2227 1125 2281 quod
1156 2226 1292 2273 homo
1321 2227 1516 2268 crederet
1560 2226 1721 2268 racioni
1755 2224 1943 2265 naturali

141 2308 290 2363 potius
313 2321 447 2361 quam
477 2308 740 2350 auctoritati.
801 2307 862 2350 Et
892 2308 950 2349 de
975 2307 1048 2349 die
1081 2307 1127 2350 in
1160 2307 1277 2350 diem
1312 2306 1439 2361 pejus
1470 2314 1515 2348 et
1551 2306 1677 2360 pejus
1714 2311 1818 2345 tunc
1850 2304 1945 2357 epi«,

142 2388 288 2442 scopis
313 2387 497 2441 contigit
520 2387 564 2428 in
585 2387 764 2442 Anglia.
825 2388 930 2429 Non
950 2384 1047 2443 (sic)
1068 2386 1255 2440 puplicis
1280 2386 1434 2429 officiis
1463 2385 1660 2428 civilibus
1689 2390 1731 2425 et
1760 2383 1943 2425 terrenis

143 2473 362 2517 vacantes,
391 2467 438 2507 in
467 2467 562 2508 suis
587 2467 834 2510 diocffiibus
866 2481 1022 2522 parum
1052 2444 1318 2510 velflnullum
1349 2467 1513 2507 bonum
1549 2478 1627 2519 per
1659 2476 1800 2505 annos
1831 2462 1942 2508 fece-2

145 2553 247 2587 runt
279 2551 325 2587 et
344 2553 605 2600 suggerente
623 2547 788 2602 populo
807 2547 976 2602 vulgari
1006 2547 1238 2602 episcopus
1259 2545 1557 2596 cicestrensis,
1578 2543 1731 2585 Adam
1753 2541 1943 2594 Mulens,

144 2627 314 2672 occisus
333 2632 440 2667 tunc
459 2625 553 2675 suit,
575 2633 621 2668 et
639 2627 886 2670 Willelmus
906 2627 1051 2678 Asku,
1070 2627 1301 2681 episcopus
1327 2625 1499 2674 Sarum,
1520 2624 1690 2666 occisus
1717 2621 1801 2674 suit
1826 2628 1943 2676 tunc,

146 2720 202 2747 eo
232 2706 351 2759 quod
386 2704 606 2749 consessor
639 2706 778 2761 Regis
813 2707 994 2751 Henriei
1031 2706 1161 2750 Sexti
1207 2713 1252 2749 et
1283 2706 1482 2747 defectus
1517 2704 1629 2747 circa
1666 2715 1812 2756 regem
1854 2714 1942 2757 non

147 2784 399 2826 emendavit
430 2798 511 2826 nec
539 2799 566 2826 a
595 2798 698 2838 rege
729 2793 907 2840 propter
940 2786 1158 2829 defectum
1191 2785 1515 2828 emendacionis
1547 2782 1734 2834 recessit,
1765 2789 1808 2823 et
1832 2788 1943 2834 ‚ante
