2456 3210
0 1007 96 1068 νγ

6 1072 75 1142 0⁴<

35 1157 98 1209 μχΊ

635 258 767 296 LOCI
802 258 841 294 E
878 257 1044 294 LIBRO
1091 256 1293 292 VERITA
1303 257 1435 293 TUM
1874 264 1929 308 53

131 402 215 445 bus
244 403 497 446 coelestibus
526 405 713 446 ostensis
744 405 888 446 beatae
916 404 1128 457 Brigittae,
1146 403 1291 444 viduae
1322 409 1367 444 et
1394 416 1568 457 sponsae
1598 403 1690 452 Xti,
1713 404 1769 445 de
1796 418 1932 458 regno

133 483 323 536 Sweciae,
353 485 477 539 cujus
506 485 599 527 vita
628 491 783 527 sancta
811 491 857 526 et
892 484 1105 526 miracula
1138 483 1266 538 plura
1298 489 1344 525 et
1375 497 1535 538 magna
1569 483 1728 525 Romae
1758 484 1932 526 fuerunt

131 564 305 618 prolata
339 564 490 607 multis
520 565 856 619 probacionibus
888 578 1035 606 coram
1064 577 1182 618 papa
1212 563 1424 618 Gregorio
1454 564 1533 618 xj⁰‚
1565 571 1610 606 et
1640 578 1786 606 coram
1817 579 1934 619 papa

134 644 319 686 Urbano
340 645 414 696 6⁰3
445 653 492 687 et
521 644 594 685 18⁰
620 658 737 687 anno
765 651 867 698 post
898 651 1086 686 mortem
1114 658 1239 686 suam
1271 644 1354 686 fuit
1384 645 1543 686 Romae
1573 646 1832 687 canonizata
1855 659 1936 700 per

133 738 297 779 papam
329 725 612 767 Bonesacium
643 725 703 775 ix,
731 739 849 766 anno
881 729 926 765 2⁰
955 725 1023 766 sui
1048 725 1354 779 pontificatus;
1396 733 1441 767 et
1468 725 1622 767 habuit
1650 732 1751 767 octo
1775 726 1933 780 proles,

133 818 318 858 quarum
354 810 401 856 4²
430 805 513 847 fuit
547 805 712 847 Sancta
748 805 964 846 Katerina
996 806 1120 859 virgo
1159 805 1216 846 de
1247 805 1444 855 Wasten‚
1476 805 1600 859 cujus
1639 814 1793 848 sancta
1833 821 1935 848 ossa

134 890 238 926 sunt
265 885 310 926 in
338 885 413 927 illo
439 886 705 927 monasterio
728 886 786 927 de
804 885 990 927 Wasten
1021 885 1066 926 in
1093 899 1230 940 regno
1260 885 1450 928 Sweciae.
1510 885 1621 927 Tres
1647 893 1751 928 sunt
1771 895 1935 929 sanctae

136 964 364 1007 Katerinae
390 966 592 1020 virgines,
620 979 680 1007 sc.
709 966 853 1020 prima
882 966 939 1007 de
972 966 1130 1007 Monte
1158 965 1342 1020 Synay3
1384 967 1491 1007 item
1524 966 1690 1008 Sancta
1721 967 1936 1010 Katerina

135 1046 193 1087 de
222 1045 380 1097 Senis;
422 1051 469 1087 et
499 1044 666 1087 Sancta
693 1045 911 1087 Katerina
941 1046 998 1087 de
1027 1045 1212 1088 Wasten
1237 1047 1282 1087 in
1314 1046 1494 1088 Swecia.

105 1137 140 1176 Α
251 1131 296 1175 [p.
326 1131 422 1175 ⁴74]
480 1130 494 1149 ⁶
507 1131 652 1176 super
679 1130 870 1167 flumina
898 1131 1130 1167 Babilonis
1157 1130 1253 1168 illie
1286 1131 1487 1168 sedjmus
1516 1134 1562 1168 et
1590 1132 1800 1169 flevimus
1825 1134 1936 1170 dum

135 1210 479 1247 recordaremur
506 1211 659 1256 syon:
691 1206 780 1247 1)εο-
807 1206 921 1261 136⁰.
984 1207 1077 1248 Ista
1108 1207 1243 1248 verba
1271 1207 1388 1248 dixit
1415 1207 1616 1261 populus,
1638 1209 1777 1250 tribus
1805 1209 1936 1262 Judae

136 1292 182 1327 et
220 1285 451 1327 Beniamin
492 1292 538 1328 et
576 1286 834 1340 Jerusalem,
866 1288 1047 1341 quando
1086 1288 1247 1341 captivi
1287 1287 1463 1328 fuerunt
1497 1289 1541 1328 in
1578 1289 1779 1330 Babiloni
1815 1290 1935 1331 ducti

134 1380 164 1407 a
200 1366 458 1419 Jerusalem.
529 1368 593 1409 Et
631 1368 916 1410 consimiliter
960 1367 1038 1409 filii
1081 1368 1273 1410 coelestis
1315 1368 1571 1421 Jerusalem,
1610 1370 1937 1412 considerantes

137 1445 255 1490 mala
286 1460 387 1501 quae
426 1446 539 1489 fiunt
577 1449 622 1489 in
662 1448 917 1490 confusione
958 1447 1165 1499 ecclesiae,
1205 1447 1312 1489 flent
1353 1455 1399 1489 et
1433 1448 1585 1491 dolent
1620 1451 1725 1503 quia
1763 1458 1935 1504 septem

136 1540 298 1581 magna
327 1527 455 1578 mala,
481 1534 695 1582 tanquam
724 1535 895 1582 septem
926 1528 1119 1579 flumina,
1147 1528 1437 1583 submergunt
1467 1529 1614 1583 plures
1642 1537 1689 1572 et
1718 1530 1937 1573 suffocant

136 1607 183 1648 in
207 1606 348 1661 culpis
376 1615 421 1649 et
446 1608 492 1649 in
522 1610 682 1662 paenis,
706 1623 766 1650 ex
792 1609 952 1662 quibus
978 1615 1151 1662 septem
1178 1608 1431 1650 fluminibus
1459 1610 1791 1652 innumerabilia
1818 1612 1936 1653 mala

123 1685 251 1729 -sicut
278 1687 404 1728 rivuli
434 1701 462 1729 a
490 1687 743 1729 fluminibus
773 1689 1026 1739 dirivantur,
1057 1702 1156 1742 quae
1186 1688 1368 1730 flumina
1395 1689 1588 1743 pessima
1616 1697 1718 1732 sunt
1749 1692 1833 1733 ista
1848 1709 1919 1732 :—

251 1767 441 1822 Indigna
460 1775 506 1810 et
532 1782 722 1823 nequam
747 1770 1055 1823 episcoporum
1084 1776 1301 1811 rectorum
1322 1776 1367 1811 et
1388 1769 1694 1812 officiariorum
1715 1772 1937 1814 ordinacio

128 1851 186 1887 -et
213 1846 445 1897 institucio,
475 1861 577 1902 quae
606 1855 790 1891 vocatur
818 1850 1057 1903 promocio.

255 1925 383 1978 Item,
410 1928 652 1970 secundum
681 1928 847 1971 flumen
877 1936 945 1971 &t
974 1929 1178 1971 absencia
1207 1930 1311 1971 boni
1343 1930 1522 1972 rectoris
1551 1945 1578 1972 a
1608 1932 1771 1986 populo
1804 1946 1937 1986 quem

141 2011 321 2058 regeret,
358 2021 459 2061 quae
497 2014 565 2051 oet
610 2010 724 2051 sicut
768 2009 975 2051 absencia
1015 2015 1163 2051 nautae
1202 2011 1380 2064 quando
1420 2012 1543 2052 navis
1582 2013 1853 2065 periclitatur
1893 2019 1938 2054 et

141 2085 363 2138 mergitur.

256 2164 456 2208 Tertium
502 2174 571 2210 est
613 2169 842 2223 pluralitas
891 2169 1171 2211 ecclesiarum
1218 2169 1311 2212 sive
1353 2170 1592 2213 officiorum
1637 2172 1755 2226 apud
1802 2185 1936 2212 unum

141 2243 295 2295 virum,
325 2244 371 2285 in
405 2247 563 2300 quibus
595 2249 686 2290 duo
715 2249 807 2299 viri,
837 2263 965 2303 aeque
998 2249 1168 2291 habiles
1203 2257 1253 2292 ut
1287 2250 1383 2304 ipse
1417 2258 1485 2293 est
1517 2253 1590 2305 qui
1624 2251 1761 2293 habet
1791 2251 1937 2305 plura-

141 2322 316 2365 litatem
346 2324 440 2366 sive
468 2326 558 2368 duo
586 2327 944 2381 incompatibilia,
976 2330 1118 2384 magis
1148 2330 1431 2383 spiritualiter
1459 2331 1728 2385 proficerent.

259 2402 479 2457 Quartum
505 2406 668 2450 flumen
694 2415 761 2451 est
785 2409 1068 2451 ecclesiarum
1097 2410 1188 2451 sive
1214 2410 1484 2452 decimarum
1516 2411 1817 2465 appropriacio
1845 2410 1938 2451 sive

143 2483 336 2524 annexio
365 2483 452 2525 illis
478 2486 555 2540 qui
585 2499 672 2530 non
702 2495 806 2531 sunt
835 2489 975 2531 curati
1004 2490 1250 2531 immediati
1279 2491 1564 2544 parochianis.

261 2561 476 2616 Quintum
517 2572 586 2608 est
619 2568 783 2610 abusus
821 2569 1113 2611 absolucionis
1148 2569 1193 2611 in
1227 2569 1323 2612 foro
1354 2571 1528 2619 animae,
1564 2569 1771 2611 vocaliter
1810 2570 1938 2612 factae

144 2656 174 2683 a
201 2643 441 2695 sacerdote,
471 2657 560 2686 non
592 2646 744 2689 debito
779 2650 926 2701 modo,
957 2663 1037 2691 nec
1069 2663 1171 2691 vere
1205 2651 1449 2704 poenitenti,
1483 2663 1561 2691 nec
1594 2663 1695 2690 vere
1729 2663 1939 2692 converso

143 2735 174 2763 a
202 2722 407 2776 peccatis.

264 2800 467 2854 Sextum,
485 2803 650 2847 abusus
679 2805 970 2862 indulgenciae
1000 2823 1218 2852 concessae
1249 2810 1306 2851 ab
1336 2810 1586 2851 hominibus
1617 2810 1694 2850 sed
1727 2823 1814 2851 non
1838 2824 1939 2852 vere
