2456 3210
632 258 764 294 LOCI
798 257 838 291 E
875 256 1042 292 LIBRO
1088 256 1437 293 VERJTATUM.
1878 265 1937 305 49

128 403 347 446 sestanda.
422 403 615 445 Oxoniae
662 408 759 443 tum
805 402 963 442 eodem
1011 413 1128 441 anno
1167 400 1387 454 processio
1426 400 1643 454 generalis
1686 406 1733 442 et
1778 407 1934 442 cantus

126 485 330 536 solennis,
364 498 464 527 cum
497 487 507 504 ‘
523 491 569 526 te
601 483 749 525 Deum
784 481 1040 532 laudamus:
1076 481 1123 522 in
1162 482 1352 523 crastino
1388 481 1572 524 Sanctae
1606 481 1759 523 Luciae
1787 481 1936 533 fiebat,

129 571 176 608 et
207 566 346 607 eciam
382 578 525 606 sermo
559 563 761 618 publicus
796 562 924 602 unius
956 562 1126 615 antiqui
1160 561 1370 617 theologi,
1406 562 1474 604 cui
1509 562 1776 617 propicietur
1810 562 1935 603 Deus

127 659 208 700 pro
238 659 319 687 sua
348 658 511 699 magna
540 642 847 685 misericordia.
906 641 1072 684 Amen.
1116 679 1121 682 .

243 731 290 775 [p.
311 730 403 775 425]
462 724 671 766 Officium
704 722 822 764 enim
858 722 1055 764 dandum
1091 728 1161 764 est
1195 737 1283 764 non
1320 722 1618 774 vendendum,
1653 729 1700 765 et
1734 722 1934 765 dandum

128 811 198 847 est
236 819 319 860 pro
355 805 533 847 virtute.
597 803 922 857 Turpissimum
963 809 1036 844 est
1077 802 1273 844 officium
1311 816 1446 845 causa
1484 803 1616 845 ullius
1653 803 1834 845 alterius
1872 803 1935 845 rei

127 886 261 936 dare;
301 885 421 940 quod
455 890 523 926 est
562 890 714 926 contra
751 882 1032 925 Oxonienses
1067 890 1271 936 regentes
1309 883 1398 937 qui,
1431 889 1485 926 ut
1516 883 1695 938 puplice
1732 890 1781 926 et
1812 897 1938 938 saepe

127 965 299 1015 dicitur,
318 965 517 1007 vendunt
541 965 733 1006 officium
753 963 1003 1005 bedellatus
1027 963 1112 1004 illis
1137 977 1248 1017 quos
1274 965 1431 1006 dicunt
1454 964 1557 1018 eligi
1580 965 1626 1005 in
1645 963 1937 1015 bedellatum,

128 1052 175 1087 et
203 1052 353 1088 tamen
382 1059 472 1087 non
506 1045 615 1087 dant
654 1057 735 1086 nec
770 1043 939 1098 eligunt
970 1043 1119 1098 plures
1152 1050 1356 1098 regentes
1388 1058 1625 1098 personam
1665 1045 1711 1085 in
1739 1045 1933 1086 officium

126 1133 308 1181 propter
335 1126 435 1175 hoc,
454 1125 573 1179 quod
599 1124 735 1166 habet
766 1124 1012 1165 necessaria
1041 1125 1101 1166 ad
1133 1124 1244 1166 illud
1274 1125 1479 1176 officium,
1499 1126 1579 1166 sed
1607 1125 1806 1167 vendunt
1835 1125 1932 1166 offi-

126 1207 255 1258 cium,
284 1213 336 1248 ut
368 1206 484 1247 novi.
562 1204 853 1277 Qss

242 1292 288 1336 [p.
314 1291 408 1336 426]
468 1285 543 1328 Sic
596 1285 856 1340 proficiebat
903 1285 949 1325 in
998 1284 1180 1334 malum,
1226 1285 1394 1339 judicio
1442 1284 1648 1338 plurium,
1698 1286 1932 1339 episcopus

126 1366 400 1421 Reginaldus
428 1366 585 1417 Pecok‚
621 1372 666 1408 et
700 1366 767 1406 sui
801 1364 1016 1418 discipuli,
1046 1365 1123 1418 qui
1162 1365 1305 1418 primo
1344 1365 1649 1419 praedicabant
1683 1364 1933 1407 Londoniis

125 1446 245 1502 quod
284 1447 490 1502 episcopi,
529 1447 575 1488 in
612 1445 700 1488 hoc
745 1447 867 1500 quod
907 1445 1101 1500 episcopi
1139 1452 1256 1496 sunt,
1298 1459 1388 1487 non
1432 1451 1639 1487 tenentur
1676 1446 1928 1499 praedicare,

125 1533 173 1569 et
201 1534 356 1582 postea
383 1527 730 1582 praedicaverunt
759 1526 832 1575 ibi,
854 1526 976 1579 quod
1005 1526 1125 1567 dicta
1153 1525 1420 1567 Sanctorum
1448 1526 1662 1579 Jeronimi
1683 1533 1729 1568 et
1747 1526 1931 1581 Augus-

124 1607 207 1651 tini
236 1614 284 1650 et
311 1607 496 1650 aliorum
526 1621 616 1648 non
644 1613 748 1649 sunt
777 1607 1006 1656 credenda,
1037 1606 1120 1646 nisi
1150 1606 1262 1647 sicut
1291 1606 1412 1648 dicta
1441 1604 1512 1648 vel
1545 1607 1710 1660 scripta
1739 1606 1929 1651 aliorum

104 1667 355 1730 —hominum
382 1687 614 1739 viatorum,
644 1693 691 1728 et
719 1693 815 1728 tum
849 1686 1016 1728 Sancto

244 1780 282 1810 1.
311 1768 398 1809 Dei
429 1767 597 1822 Spiritu
627 1767 825 1822 inspirati
854 1767 990 1808 locuti
1018 1773 1123 1808 sunt
1151 1772 1197 1808 et
1225 1767 1507 1821 scripserunt.

241 1859 280 1890 2.
321 1848 448 1900 Item,
478 1847 692 1902 majorem
722 1848 809 1889 Dei
843 1847 1048 1901 graciam,
1078 1847 1106 1887 i.
1129 1847 1376 1902 ejdonpy,
1406 1854 1454 1890 et
1481 1847 1697 1902 majorem
1726 1847 1928 1902 specula-

125 1927 295 1969 cionem
322 1927 572 1970 habuerunt
597 1942 733 1982 quam
760 1928 836 1969 alii
866 1927 1014 1981 plures
1042 1927 1246 1969 viatores.

241 2019 284 2062 3.
313 2007 441 2059 Item,
471 2007 685 2062 majorem
715 2008 1041 2062 experienciam
1071 2013 1119 2050 et
1146 2007 1393 2062 longiorem
1423 2022 1560 2063 quam
1590 2008 1663 2050 alii
1694 2007 1853 2062 plures.

240 2098 284 2137 4.
323 2086 451 2136 Item,
480 2089 519 2130 si
558 2102 651 2130 rem
690 2088 906 2142 grandem
945 2087 1113 2129 diceret
1153 2088 1234 2130 tibi
1266 2088 1370 2130 talis
1409 2089 1628 2143 propheta
1665 2088 1766 2138 Dei,
1803 2094 1929 2131 certe

126 2165 269 2208 facere
298 2167 524 2217 debueras,
554 2175 607 2211 ut
634 2169 802 2210 dictum
837 2168 921 2209 fuit
951 2168 1158 2209 Naaman
1194 2167 1297 2210 Ciro
1325 2173 1376 2220 4⁰
1405 2169 1597 2223 Regum.

242 2253 284 2298 5.
314 2246 443 2296 Item,
472 2248 592 2290 dicta
628 2262 779 2290 eorum
814 2248 935 2302 apud
965 2248 1172 2302 antiquos
1205 2255 1354 2302 patres
1391 2250 1655 2291 dicebantur
1685 2249 1944 2296 autentica,-

106 2326 154 2367 -i.
170 2339 208 2367 e.
249 2326 505 2370 credulitate
542 2329 686 2383 digna,
718 2336 767 2370 ut
806 2329 914 2370 dicit
953 2327 1141 2369 Lincoln
1180 2342 1312 2383 super
1350 2329 1592 2384 capitulum
1630 2328 1822 2382 primum
1861 2327 1921 2369 ad

128 2405 368 2448 Romanos
966 2396 1109 2400 *w

242 2484 283 2526 6.
319 2485 446 2538 Item,
478 2487 636 2529 beatus
667 2488 947 2543 Augustinus
980 2489 1041 2530 ad
1075 2489 1381 2543 inquisiciones
1414 2489 1610 2542 Januarii
1650 2487 1767 2537 dicit,
1797 2487 1919 2540 quod

107 2565 222 2618 ,ipse
250 2566 420 2618 accepit
440 2578 694 2620 responsum
712 2569 833 2610 beati
855 2568 1085 2610 Ambrosii
1113 2570 1228 2610 sicut
1252 2569 1477 2611 oraculum
1498 2568 1688 2616 coeleste,
1708 2567 1736 2607 i.
1749 2580 1785 2607 e.
1806 2567 1921 2608 sicut

125 2657 384 2698 responsum
406 2644 615 2697 coeleste3
644 2647 728 2701 ipsi
758 2650 876 2690 enim
894 2649 1035 2691 sancti
1060 2649 1262 2691 doctores
1291 2655 1416 2692 erant
1443 2647 1778 2703 propinquiores
1805 2645 1920 2688 fonti

102 2709 364 2778 ”sapientiam
409 2724 515 2777 Jesu
553 2725 660 2778 Xto,
697 2741 779 2781 per
813 2735 1012 2772 sanctam
1060 2743 1212 2771 eorum
1249 2730 1399 2779 vitam,
1440 2735 1487 2770 et
1530 2727 1616 2767 Dei
1659 2726 1921 2780 recipientes

126 2804 454 2847 revelacionem.
523 2805 648 2850 Nota
692 2807 806 2849 bene
854 2810 1083 2851 dominum
1132 2810 1330 2861 Lincoln,
1380 2810 1426 2850 in
1472 2820 1606 2860 opere
1654 2820 1734 2848 suo
1785 2819 1918 2861 super

999 2888 1033 2918 H
