2456 3210
430 279 515 319 204
932 273 1064 310 LOCI
1096 273 1135 308 E
1173 273 1339 309 LIBRO
1386 272 1732 310 VERITATUM.

432 423 585 460 contra
625 416 914 459 Edmundum
958 417 1217 471 praedictum
1259 423 1363 459 tunc
1410 417 1454 458 in
1496 417 1674 459 civitate
1715 416 1867 459 Sancti
1907 415 2072 459 Albani
2116 416 2233 459 exis-

431 504 615 550 tentem,
634 497 788 540 volens
813 497 964 552 pocius
994 497 1116 539 illum
1147 498 1305 540 ducem
1337 497 1434 552 capi
1465 511 1600 552 quam
1629 498 1822 551 seipsum
1853 498 2011 540 ducem
2034 497 2230 540 Eborum

431 585 476 621 et
512 592 614 620 suos
648 591 728 633 per
767 578 912 633 ipsum
953 579 1111 620 ducem
1154 578 1435 621 Somersetiae
1476 579 1573 632 capi
1615 585 1660 620 et
1701 579 1871 630 occidi3
1915 584 1960 621 et
2000 592 2129 620 nenio
2169 578 2230 620 ibi

430 658 644 713 spoliatus
683 659 763 700 fuit
803 659 931 701 bonis
971 660 1060 701 suis
1101 673 1178 714 per
1217 672 1478 701 consensum
1523 659 1659 713 ipsius
1700 659 1835 710 ducis,
1875 659 1952 701 sed
1999 660 2093 702 sine
2138 658 2232 713 ejus

430 752 658 787 consensu,
688 746 736 781 ut
767 740 914 781 audivi
945 753 1004 781 ex
1030 740 1175 794 dignis
1202 740 1428 794 personis:
1462 745 1507 782 et
1539 739 1623 781 iste
1651 732 1746 781 dux
1775 740 1975 792 Eboraci,
2004 740 2233 790 Ricardus‚

431 832 511 873 per
545 819 884 874 parliamentum
922 818 1177 872 Londoniis,
1210 820 1376 872 habuit,
1406 833 1505 862 cum
1541 819 1867 862 adhaerentibus
1907 821 1996 862 suis
2035 820 2079 861 in
2114 819 2233 862 bello

430 900 550 954 apud
583 899 799 942 Sanctum
831 899 1073 952 Albanum,
1103 901 1346 955 perdonam
1377 914 1454 942 seu
1487 900 1810 954 indulgenciam
1844 901 1902 942 de
1937 901 2140 950 omnibus
2170 900 2232 942 ibi

430 981 475 1021 in
511 980 628 1022 bello
662 981 801 1033 factis,
837 988 882 1023 et
914 982 951 1023 si
984 996 1083 1036 quae
1119 982 1179 1023 ibi
1211 981 1387 1024 fuerunt
1420 981 1538 1023 facta
1577 994 1658 1035 pro
1692 981 1852 1034 quibus
1886 981 2044 1035 aliquis
2076 982 2120 1023 in
2156 981 2232 1023 illo

430 1060 548 1103 bello
578 1067 684 1103 tunc
715 1063 912 1105 existens
948 1063 1087 1104 voluit
1117 1070 1272 1117 postea
1303 1063 1347 1104 in
1373 1061 1470 1116 jure
1499 1061 1710 1116 placitare
1733 1062 1802 1103 vel
1833 1062 2058 1116 querelam
2089 1062 2232 1104 facere

429 1147 582 1183 contra
621 1143 765 1197 ipsum
805 1144 975 1194 ducem,
1006 1144 1075 1185 vel
1109 1149 1262 1186 contra
1301 1143 1495 1197 aliquem
1531 1141 1665 1184 alium
1701 1155 1849 1184 secum
1884 1143 2152 1185 existentem
2187 1144 2231 1184 in

429 1222 546 1264 bello
587 1222 665 1265 illo
705 1224 824 1278 apud
868 1223 1082 1266 Sanctum
1122 1224 1363 1275 Albanum,
1404 1229 1449 1265 et
1498 1224 1594 1277 ipso
1643 1222 1755 1264 duce
1796 1222 1986 1265 Eboraci
2031 1223 2233 1266 instituto

429 1310 676 1358 protectore
712 1306 834 1360 regni
869 1305 1049 1360 Angliae
1085 1318 1164 1360 per
1197 1305 1537 1359 parliamentum
1574 1302 1816 1345 Londoniis
1851 1318 1932 1358 pro
1967 1305 2093 1347 annis
2127 1311 2234 1347 tunc

429 1385 596 1438 futuris,
638 1387 789 1441 regina
829 1386 1020 1440 Angliae,
1062 1386 1326 1440 Margareta,
1366 1398 1466 1427 cum
1516 1398 1604 1439 qua
1653 1383 1760 1426 nihil
1809 1384 2026 1427 bonorum
2066 1385 2234 1441 Anglia

430 1469 604 1522 recepit,
634 1468 711 1510 sed
742 1468 1041 1522 perdicionem
1076 1466 1392 1515 Cenomanniae
1423 1472 1468 1507 et
1496 1465 1783 1520 Andagaviae‚
1820 1479 1930 1521 quas
1965 1473 2103 1509 terras
2139 1481 2232 1510 ma—

430 1549 538 1590 ritus
567 1563 683 1599 suus,
706 1548 925 1590 Henricus
947 1547 1125 1598 Sextus,
1150 1546 1275 1588 dedit
1304 1547 1348 1588 in
1376 1553 1648 1601 perpetuum,
1669 1547 1752 1588 sub
1779 1560 1858 1588 suo
1886 1547 2029 1601 sigillo
2058 1562 2233 1603 magno,

430 1629 543 1682 patri
580 1629 753 1683 reginae,
783 1628 999 1670 laboravit
1039 1629 1100 1669 sic
1135 1641 1215 1682 per
1244 1642 1292 1669 se
1328 1634 1373 1670 et
1409 1641 1487 1682 per
1516 1633 1697 1670 caeteros
1738 1627 1952 1679 dominos,
1988 1629 2063 1682 qui
2103 1635 2274 1682 puta-—

428 1709 591 1752 bantur
620 1709 725 1752 mali
757 1709 924 1751 domini
956 1709 1000 1750 in
1022 1722 1169 1763 regno,
1191 1709 1309 1762 quod
1335 1708 1409 1750 ille
1435 1709 1531 1750 dux
1564 1708 1729 1750 dimisit
1758 1709 2067 1750 auctoritatem
2093 1722 2229 1757 suam,

430 1803 564 1843 quam
604 1789 943 1843 parliamentum
984 1795 1129 1831 totum
1161 1789 1406 1831 Londoniis
1447 1790 1592 1831 eidem
1628 1789 1728 1830 duci
1769 1796 2041 1831 concesserat
2081 1791 2230 1844 prius;

429 1875 474 1912 et
499 1876 603 1912 tunc
632 1869 707 1912 illa
736 1870 884 1925 regina
912 1871 1049 1912 traxit
1076 1871 1134 1911 ad
1162 1870 1308 1912 locum
1331 1869 1572 1911 mansionis
1597 1883 1699 1920 suae,
1721 1869 1764 1910 in
1792 1871 2003 1912 comitatu
2028 1870 2229 1926 Chestyr,

429 1957 522 1992 tam
550 1964 698 2005 regem
731 1950 974 1993 Henricum
1004 1951 1194 1993 Sextum
1227 1964 1360 2005 quam
1393 1950 1634 2004 principem
1665 1949 1851 1990 duorum
1887 1951 1957 1992 vel
1991 1953 2123 1994 trium
2154 1967 2270 1995 an·-

429 2045 598 2084 norum,
640 2038 685 2074 et
734 2038 840 2073 tunc
890 2033 985 2086 ipsa
1025 2033 1086 2074 sic
1128 2032 1337 2087 regnavit,
1373 2044 1491 2072 anno
1533 2029 1612 2071 Xti
1665 2029 1784 2081 1456,
1826 2033 1943 2084 quod
1987 2035 2231 2076 secundum

428 2112 701 2155 voluntatem
733 2112 868 2167 ipsius
907 2112 1070 2166 reginae
1112 2113 1237 2166 quasi
1276 2118 1373 2154 tota
1413 2111 1595 2165 negocia
1635 2111 1755 2164 regni
1795 2111 1911 2154 facta
1943 2114 2118 2157 fuerunt
2152 2129 2232 2170 per

429 2193 494 2234 fas
526 2193 596 2235 vel
636 2205 715 2246 per
751 2191 931 2247 nephas,
972 2199 1019 2234 ut
1054 2193 1285 2234 dicebatur
1319 2206 1346 2233 a
1378 2191 1572 2233 diversis.
1635 2189 1790 2244 Qualis
1826 2192 1924 2234 finis
1959 2195 2041 2253 erit
2072 2194 2229 2237 horum

430 2273 553 2315 Deus
588 2275 681 2324 scit,
716 2273 791 2328 qui
826 2273 975 2315 omnia
1008 2274 1159 2315 novit:
1191 2272 1319 2314 ‘Fiat
1353 2271 1557 2314 voluntas
1588 2270 1685 2322 Dei,
1716 2271 1829 2314 sicut
1861 2272 1905 2314 in
1935 2274 2060 2326 coelo,
2091 2275 2229 2317 eciam

430 2353 474 2395 in
505 2359 622 2396 terra
651 2353 756 2396 fiat?

544 2435 754 2490 Regnum
787 2433 967 2487 Angliae
1006 2432 1366 2483 Cenomanniam,
1402 2431 1428 2473 i.
1452 2445 1491 2473 e.
1526 2430 1705 2472 Malkus
1739 2430 1920 2490 (supra),
1957 2440 2001 2476 et
2037 2434 2230 2489 perdidit

429 2513 753 2570 Andegaviam,
784 2514 810 2557 i.
824 2528 860 2556 e.
889 2512 1094 2567 Awnioy‚
1124 2514 1169 2554 in
1202 2519 1402 2567 tempore
1435 2511 1614 2553 Henrici
1651 2511 1792 2566 Sexti,
1821 2515 1934 2569 regis
1963 2514 2154 2570 Angliae,
2184 2522 2229 2557 et

428 2595 491 2636 sic
531 2601 850 2650 consequenter
888 2593 1080 2648 perdidit
1122 2592 1443 2635 Normanniam
1486 2598 1530 2634 et
1575 2592 1805 2635 Franciam
1847 2601 1892 2637 et
1931 2595 2228 2647 Vasconiam;

430 2678 475 2714 et
505 2685 638 2715 causa
669 2671 930 2727 perdicionis
968 2669 1293 2722 Cenomanniae,
1330 2671 1355 2711 i.
1374 2685 1411 2712 e.
1439 2668 1641 2725 Awnioy‚
1676 2670 1772 2714 haec
1805 2672 1897 2723 fuit,
1932 2672 2036 2727 quia
2059 2671 2228 2714 Willel-

430 2765 527 2794 mus
557 2753 677 2805 Pule,
707 2767 855 2796 comes
887 2751 1112 2806 quondam
1148 2749 1465 2800 Sowthfolkiae‚
1494 2756 1539 2792 et
1570 2751 1795 2794 ordinatus
1826 2752 1921 2794 dux
1952 2758 1997 2795 et
2033 2750 2228 2794 marchio

431 2830 739 2887 Sowthfolciae,
779 2834 956 2876 nomine
994 2832 1293 2887 procuratorio
1334 2830 1532 2885 ejusdem
1573 2832 1685 2886 regis
1720 2832 1911 2887 Angliae,
1944 2832 2226 2887 desponsavit
