2456 3210
627 255 759 290 LOCI
792 255 831 289 E
870 254 1036 290 LIBRO
1083 254 1283 290 VERJTA
1295 255 1426 291 TUM.
1875 266 1927 308 23

765 349 782 366 B

124 397 300 452 propria
340 410 419 438 sua
459 410 656 451 persona,
695 397 809 438 sicut
849 396 1019 438 solebat
1057 397 1341 450 predecessor
1386 395 1518 439 suus.'
1592 398 1653 441 Et
1701 400 1928 454 respondit

123 477 314 519 famulus
345 477 539 532 episcopi
570 477 1004 527 dicensffDominus
1035 491 1158 519 meus
1186 479 1423 520 modernus
1453 478 1810 534 archiepiscopus
1841 495 1928 523 non

124 557 208 600 fuit
239 558 430 599 nutritus
462 559 506 599 in
547 558 705 600 eodem
741 559 874 599 modo
915 559 959 599 in
1000 572 1089 612 quo
1123 558 1205 601 suit
1237 560 1427 600 nutritus
1463 574 1566 601 suus
1602 562 1886 615 predecessor
1903 561 1926 613 3'

124 639 375 693 significans
414 653 493 694 per
531 639 616 681 hoc
655 639 775 693 quod
817 639 1022 680 dominus
1068 653 1173 684 suus
1212 639 1578 695 archiepiscopus,
1619 642 1693 696 qui
1742 642 1823 684 fuit
1869 643 1929 684 ita

124 726 363 762 extraneus
398 726 442 761 et
474 720 706 774 elongatus
738 721 828 761 suis
861 720 1060 770 subditis,
1094 720 1176 762 fuit
1215 721 1331 762 filius
1366 723 1533 763 domini
1566 731 1611 765 et
1646 724 1931 778 predecessor

124 814 229 841 suus
268 801 343 854 qui
384 800 466 843 suit
503 801 858 855 archiepiscopus
903 807 1008 842 ante
1058 815 1159 842 eum
1205 802 1287 843 fuit
1334 802 1451 844 filius
1491 805 1729 858 pauperis:
1778 812 1822 846 et
1863 819 1930 846 re-

125 882 305 935 spondit
325 881 399 922 ille
418 895 586 936 pauper
604 882 816 935 praedicto
838 896 964 923 servo
985 882 1312 937 archiepiscopi,
1330 886 1340 903 ‘
1356 883 1554 936 Revera,'
1568 886 1720 939 inquit,
1740 889 1750 905 ‘
1762 885 1930 927 archie-

125 962 332 1016 piscopus
359 962 593 1003 modernus
622 969 667 1004 et
694 963 976 1017 predecessor
995 977 1099 1004 suus
1125 965 1276 1006 nutriti
1302 964 1476 1007 fuerunt
1502 966 1546 1006 in
1566 967 1750 1007 diversis
1771 967 1930 1014 modis,

125 1042 204 1083 sed
231 1041 462 1083 manifeste
482 1048 606 1096 patet
627 1056 706 1096 per
725 1057 860 1097 opera
887 1044 1007 1097 quod
1035 1043 1318 1097 predecessor
1337 1044 1419 1087 fuit
1448 1046 1601 1087 melior
1619 1047 1684 1088 vir
1714 1053 1759 1088 et
1788 1047 1930 1100 magis

125 1122 245 1164 utilis
266 1121 355 1163 suis
376 1122 563 1164 subditis
583 1129 628 1164 et
649 1137 798 1164 eorum
819 1124 1050 1165 animabus
1071 1130 1116 1165 et
1135 1125 1220 1166 toti
1240 1123 1430 1167 diocesi?

242 1209 280 1252 [p
321 1209 413 1252 334]
465 1203 675 1258 Episcopi
721 1204 887 1245 habent
933 1218 1082 1246 curam
1122 1206 1543 1259 superintendenciae
1584 1207 1697 1247 circa
1738 1220 1790 1247 ea
1829 1220 1931 1260 quae

126 1282 348 1325 inferiores
369 1285 506 1325 curati
527 1286 696 1338 operari
717 1299 806 1326 non
834 1291 1030 1339 possunt,
1051 1292 1100 1327 ut
1123 1292 1191 1327 est
1217 1287 1440 1329 ordinacio
1461 1287 1754 1329 sacerdotum.
1814 1287 1930 1328 Item

125 1363 262 1406 habet
288 1378 436 1406 curam
467 1365 770 1407 immediatam
801 1366 1105 1420 parochiarum
1133 1381 1223 1408 suae
1251 1368 1438 1410 diocesis
1466 1368 1645 1422 quando
1680 1375 1828 1422 potest
1856 1382 1930 1409 co-

124 1445 295 1499 operari
331 1452 376 1486 et
408 1459 592 1499 coagere
623 1460 724 1488 cum
758 1446 947 1488 inferiori
983 1454 1145 1498 curato,
1176 1449 1251 1502 qui
1292 1456 1359 1490 est
1391 1449 1530 1491 eciam
1567 1455 1742 1491 curatus
1774 1449 1930 1489 imme-

126 1525 272 1566 diatus
314 1526 547 1580 parochiae.
622 1525 697 1569 Sic
732 1534 1039 1581 cooperatores
1079 1528 1172 1570 dati
1219 1536 1322 1571 sunt
1371 1529 1504 1571 Moisi
1545 1536 1593 1571 ut
1632 1535 1931 1570 sustentarent

126 1618 227 1647 cum
246 1619 300 1647 eo
327 1612 372 1647 et
396 1620 484 1648 non
508 1607 651 1648 solum
679 1621 759 1661 pro
784 1622 836 1649 eo
863 1622 974 1649 onus
1002 1608 1153 1662 populi
1179 1616 1224 1650 et
1250 1623 1305 1651 ne
1325 1610 1420 1664 ipse
1439 1611 1559 1651 solus
1579 1611 1640 1652 sic
1661 1616 1928 1664 gravaretur.

129 1685 232 1727 Hoc
259 1688 377 1728 enim
404 1701 516 1728 onus
536 1689 642 1730 satis
670 1689 936 1742 compatitur
956 1703 1104 1730 secum
1132 1690 1306 1744 pluries,
1329 1699 1378 1733 ut
1397 1698 1526 1733 vacet
1554 1692 1786 1746 episcopus
1814 1704 1929 1731 curae

127 1766 395 1808 immediatae
427 1773 473 1808 et
507 1781 597 1809 non
632 1768 775 1809 solum
811 1783 959 1810 curam
993 1770 1444 1823 superintendenciae3
1486 1771 1601 1813 hanc
1632 1772 1748 1813 enim
1780 1785 1929 1812 curam

127 1846 545 1899 superintendenciae
585 1854 762 1902 oportet
796 1849 1052 1903 episcopum
1087 1863 1219 1904 agere
1248 1857 1294 1892 et
1323 1865 1472 1892 curam
1506 1852 1809 1892 immediatam
1842 1839 1928 1892 non

128 1924 331 1967 omittere
346 1928 525 1980 quando
540 1928 667 1969 adest
684 1927 870 1970 facultas
887 1935 931 1970 et
949 1930 1129 1983 requirit
1144 1930 1310 1972 subditi
1327 1933 1563 1973 necessitas
1578 1949 1588 1982 ;
1610 1932 1722 1973 sicut
1740 1930 1930 1973 Sanctus

130 2004 290 2046 Paulus
312 2005 503 2048 visitavit
523 2014 569 2049 et
592 2008 743 2049 docuit
770 2022 845 2049 eos
873 2009 948 2062 qui
976 2009 1223 2051 habuerunt
1251 2018 1425 2052 curatos
1455 2012 1745 2053 immediatos.
1808 2011 1869 2051 Et
1894 2010 1929 2050 si

130 2084 320 2138 episcopi
354 2092 540 2139 possunt
575 2087 637 2128 sic
677 2101 826 2129 curam
861 2102 993 2142 agere
1028 2088 1231 2138 facerent,
1268 2091 1372 2144 quia
1411 2105 1522 2132 onus
1559 2091 1747 2132 divisum
1789 2090 1929 2131 lenius

130 2169 330 2217 portatur
357 2167 535 2218 quando
564 2168 863 2222 unusquisque
893 2169 1045 2210 debito
1074 2170 1208 2210 modo
1235 2171 1411 2224 proprio
1439 2172 1580 2213 officio
1608 2177 1749 2212 vacat.
1814 2169 1929 2210 Cura

130 2244 248 2284 enim
282 2245 699 2298 superintendenciae
733 2255 777 2289 et
813 2262 916 2289 cura
957 2249 1224 2290 immediatae
1264 2251 1557 2293 attendenciae
1598 2250 1929 2303 compaciuntur

131 2323 388 2376 semetipsas
408 2324 452 2365 in
475 2339 561 2367 una
581 2339 770 2380 persona
795 2334 839 2369 et
864 2328 908 2369 in
934 2342 1022 2369 uno
1042 2329 1233 2379 homine,
1256 2337 1305 2371 ut
1325 2331 1496 2372 diverso
1517 2337 1715 2384 tempore
1746 2335 1929 2381 uterque

131 2415 246 2443 curae
274 2415 427 2444 vacare
455 2406 606 2457 possit.
669 2406 915 2462 Episcopus
946 2409 1064 2449 enim
1094 2409 1230 2450 habet
1261 2423 1410 2451 curam
1442 2411 1744 2451 immediatam
1776 2415 1819 2448 et
1851 2421 1929 2460 per

133 2495 181 2522 se
210 2482 354 2535 ipsum
384 2495 531 2524 curam
561 2493 710 2539 ageret
740 2489 1020 2541 praedicando
1055 2489 1272 2542 parochiis
1302 2504 1393 2531 suae
1424 2490 1633 2539 diocesis;
1676 2490 1769 2541 ipse
1809 2487 1927 2528 enirn

132 2574 282 2602 curam
315 2561 429 2602 illius
462 2563 647 2606 diocesis
684 2567 809 2619 gerit,
838 2574 888 2608 ut
918 2582 998 2621 per
1029 2582 1076 2609 se
1106 2569 1251 2622 ipsum
1286 2576 1392 2623 agat
1423 2583 1522 2622 quae
1553 2567 1796 2609 necessaria
1826 2573 1928 2607 sunt

133 2640 264 2682 saluti
300 2654 391 2681 suae
431 2642 626 2694 diocesis,
654 2645 766 2687 sicut
806 2647 988 2701 Moyses
1026 2648 1182 2690 habuit
1217 2656 1523 2702 cooperatores
1560 2653 1607 2688 ut
1643 2659 1790 2687 secum
1827 2660 1927 2699 por-

134 2727 278 2761 tarent
308 2733 430 2770 onus,
460 2734 547 2762 non
577 2735 657 2775 pro
689 2724 844 2777 Moise‚
875 2741 931 2768 ne
962 2728 1056 2781 ipse
1086 2727 1204 2769 solus
1234 2735 1488 2782 gravaretur
1517 2739 1648 2767 onere
1679 2738 1792 2766 curae
1824 2738 1927 2767 suae.

136 2800 232 2842 Oza
265 2800 381 2840 enim
415 2799 571 2841 Levita
602 2815 831 2855 percussus
867 2812 933 2847 est
963 2807 1018 2847 ad
1053 2814 1237 2848 mortem
1274 2809 1376 2861 quia
1408 2820 1494 2847 non
1528 2806 1718 2858 portavit
1749 2805 1926 2846 archam
