2456 3210
633 247 766 283 LOCI
797 247 838 282 E
875 247 1041 282 LIBRO
1087 247 1434 284 VERJTATUM.
1881 244 1937 299 63

134 390 206 432 vel
235 390 351 433 male
380 391 522 432 bonus
551 397 596 432 et
629 391 859 445 perfectus,
889 391 995 444 quia
1027 391 1064 432 si
1098 390 1230 432 faciat
1260 398 1310 432 ut
1345 392 1490 433 caeteri
1526 392 1665 443 multi,
1696 393 1777 434 erit
1807 393 1938 434 valde

134 471 288 520 malus,
325 479 371 514 et
404 472 441 513 si
477 485 565 514 non
599 471 750 513 fecerit
784 471 1066 513 consimiliter
1099 471 1174 522 eis,
1210 472 1291 512 erit
1332 472 1377 513 in
1412 472 1648 526 obprobrio
1683 472 1936 524 multorum,

134 558 181 593 et
214 552 409 606 abjeccio
442 552 633 606 plurium
667 551 762 593 erit.
823 551 914 593 Sed
948 552 1105 593 beatus
1140 551 1216 605 qui
1252 552 1404 593 suffert
1438 566 1519 606 pro
1549 552 1727 606 justicia
1756 554 1936 607 quando

134 642 284 690 portat
317 647 503 684 crucem,
536 633 563 675 i.
575 647 614 674 e.
649 632 888 674 cruciatum
922 645 1024 673 cum
1054 626 1182 686 Xto.'
1233 632 1359 686 Opus
1394 633 1534 674 eciam
1569 635 1707 675 curati
1740 640 1808 675 est
1840 647 1935 675 cor-

134 716 273 769 rigere
301 729 378 756 seu
413 713 730 768 reprehendere
759 712 876 753 mala
905 712 1194 761 subditorum,
1224 714 1367 766 primo
1402 713 1672 761 instruendo,
1703 721 1859 768 postea
1889 716 1935 754 in

133 795 288 850 spiritu
315 795 461 836 sobrio
500 794 770 848 redarguere,
805 799 851 834 et
889 792 1104 833 offensam
1143 799 1189 834 et
1227 806 1408 847 poenam
1447 795 1648 848 peccanti
1687 795 1933 845 ostendere,

135 889 193 918 ne
229 875 375 917 fautor
411 874 516 916 mali
548 874 751 916 videatur
783 879 829 914 et
863 872 1089 926 neglector
1122 887 1238 915 curae
1272 874 1448 922 debitae,
1485 882 1534 916 ut
1570 875 1716 916 dicere
1756 876 1932 929 poterit,

134 955 291 998 ‘Zelus
319 956 478 998 domus
505 961 608 1006 tuae,
635 954 702 995 i.e.
723 967 850 994 amor
877 953 1031 994 salutis
1060 954 1322 1003 animarum,
1349 956 1544 996 comedit
1574 969 1658 1006 me,
1680 956 1783 1009 quia
1812 970 1934 997 com-

131 1037 284 1092 pacior
311 1043 357 1078 et
388 1036 568 1084 crucior,
596 1033 752 1076 videns
784 1033 898 1075 hanc
927 1047 1136 1087 sponsam
1170 1041 1307 1084 tuam,
1338 1034 1531 1076 Domine
1564 1036 1704 1085 Deus,
1734 1037 1932 1078 deditam

132 1117 361 1166 adulterio,
392 1117 469 1158 i.e.
498 1116 748 1157 inordinato
777 1114 963 1155 aliorum
990 1114 1141 1163 amori,
1170 1115 1322 1168 pocius
1346 1129 1481 1168 quam
1508 1116 1646 1157 amori
1677 1115 1782 1157 tu0.’
1842 1117 1932 1171 Qui

132 1199 218 1239 ista
240 1210 374 1252 opera
396 1196 557 1246 fecerit,
575 1209 709 1250 opera
732 1195 871 1236 curati
898 1193 1012 1245 facit,
1033 1201 1079 1235 et
1105 1195 1180 1248 qui
1205 1195 1290 1236 ista
1308 1209 1403 1236 vnon
1424 1195 1585 1246 fecerit,
1606 1196 1794 1250 plurima
1815 1198 1933 1238 mala

131 1279 249 1329 facit,
282 1278 386 1332 quia
424 1291 483 1319 ex
521 1276 600 1318 tali
638 1275 874 1317 omissione
913 1275 1248 1316 innumerabilia
1286 1275 1403 1316 mala
1442 1276 1565 1327 fiunt,
1598 1283 1643 1318 et
1683 1278 1932 1319 innumera-

130 1359 237 1400 bilia
269 1359 387 1400 bona
424 1371 560 1411 opera
593 1356 868 1402 omittuntur,
902 1362 948 1396 et
983 1355 1277 1408 negliguntur.
1338 1356 1655 1398 Poenitenciam
1692 1371 1796 1411 ergo
1835 1372 1931 1412 age,

132 1439 175 1482 O
211 1439 437 1494 negligens
471 1441 636 1479 rector!
677 1442 723 1478 et
758 1436 901 1490 prima
936 1449 1072 1489 opera
1105 1435 1188 1485 sac,
1216 1435 1516 1490 Apocalypsis
1557 1437 1584 1490 ij
1623 1438 1828 1491 capitulo,
1864 1440 1933 1481 i.e.

131 1533 221 1562 non
255 1519 398 1561 solum
430 1531 532 1560 vere
570 1517 799 1570 poeniteaS,
835 1516 914 1556 sed
949 1516 1092 1569 prima
1130 1529 1266 1569 opera
1305 1516 1385 1566 fac,
1421 1518 1490 1558 i.e.
1526 1518 1645 1559 bona
1682 1532 1815 1573 opera
1850 1519 1930 1569 sac,

129 1601 188 1642 ad
222 1613 323 1654 quae
352 1599 483 1653 prius,
512 1603 616 1639 ante
650 1596 828 1650 culpam
859 1602 905 1636 et
933 1602 1035 1649 post
1071 1595 1261 1649 culpam,
1290 1597 1511 1650 obligatus
1541 1612 1589 1639 es
1616 1598 1714 1652 jure
1744 1600 1931 1640 racionis

130 1687 177 1722 et
210 1679 309 1734 jure
347 1680 497 1721 divino
534 1678 710 1731 scripto,
750 1676 959 1730 exemplo
1002 1675 1276 1717 Sanctissimi
1319 1677 1453 1726 Pauli,
1494 1679 1570 1732 qui
1610 1680 1930 1733 evangelizavit

130 1761 264 1802 fidem
290 1773 425 1814 quam
450 1758 690 1813 aliquando
722 1757 1021 1811 expugnabat,
1052 1757 1115 1797 ita
1144 1763 1196 1798 ut
1229 1771 1307 1811 pro
1338 1758 1434 1811 ipso
1464 1758 1539 1799 alii
1570 1759 1771 1801 homines
1803 1761 1928 1802 clari-

129 1841 323 1883 fimbant
354 1841 514 1890 Deum,
542 1839 588 1881 id
618 1845 698 1889 est,
720 1838 958 1891 gloriosum
991 1843 1037 1878 et
1062 1837 1310 1922 graffio-{2¹¹2
1339 1839 1667 1919 P‘ffffl‘ffffbann
1708 1855 1793 1895 age
1823 1855 1929 1895 ergo

131 1922 354 1969 instanter,
381 1926 427 1962 et
449 1920 623 1962 assidue
650 1932 799 1960 curam
826 1931 930 1972 gere
956 1918 1214 1968 animarum,
1238 1918 1318 1960 Xti
1346 1920 1559 1973 sanguine
1586 1922 1926 1976 redemptarum,

131 2014 188 2042 ne
219 2001 390 2043 dicatur
426 2001 507 2042 tibi
545 1999 653 2041 illud
683 1998 982 2053 Apocalypsis
1017 1996 1095 2051 iij0,
1130 1998 1263 2039 ‘Non
1303 2000 1477 2040 invenio
1509 2014 1646 2054 opera
1680 2009 1758 2043 tua
1794 2002 1927 2056 plena

130 2094 276 2122 coram
308 2078 431 2132 Deo,’
460 2081 506 2122 id
536 2086 614 2128 est,
646 2079 857 2120 deficiunt
886 2084 1045 2119 caetera
1075 2078 1283 2131 requisita
1311 2079 1356 2120 in
1386 2087 1432 2121 te
1462 2093 1608 2121 coram
1642 2081 1754 2123 Deo.

203 2179 218 2187 “
246 2159 499 2202 Secundum
543 2159 719 2210 flumen,
769 2160 998 2200 destruens
1037 2158 1154 2199 bona
1201 2159 1402 2212 plurima,
1442 2168 1509 2202 est
1553 2175 1640 2202 non
1685 2162 1926 2203 residencia

130 2247 380 2284 curatorum
413 2246 459 2281 et
490 2240 836 2294 praesidencium,
857 2240 932 2292 qui
968 2252 1056 2279 non
1090 2246 1193 2280 sunt
1223 2247 1463 2293 praesentes
1492 2242 1536 2282 in
1564 2255 1641 2282 sua
1673 2255 1775 2282 cura
1805 2250 1849 2283 et
1879 2243 1924 2283 in

130 2337 210 2364 suo
247 2320 425 2376 populo.
493 2319 619 2374 Quot
656 2320 774 2360 bona
818 2326 970 2360 causat
1007 2319 1125 2360 bona
1164 2320 1406 2362 residencia
1444 2328 1490 2362 et
1531 2323 1708 2363 assidua
1746 2324 1923 2364 vacacio

130 2402 336 2456 operibus
369 2401 579 2442 virtutum
610 2407 655 2442 et
689 2400 979 2453 extirpacioni
1015 2400 1237 2451 viciorum,
1269 2407 1339 2443 tot
1370 2402 1488 2443 mala
1522 2410 1672 2443 causat
1706 2403 1924 2454 absencia,

129 2496 207 2524 seu
232 2494 320 2522 non
341 2481 578 2521 residencia
602 2480 708 2521 boni
739 2480 930 2534 episcopi
959 2486 1004 2520 et
1024 2479 1128 2520 boni
1159 2481 1435 2534 praesidentis
1465 2489 1509 2522 et
1541 2483 1730 2523 rectoris.
1768 2482 1922 2537 Oppo-

130 2563 314 2604 sitorum
354 2561 472 2601 enim
512 2561 667 2601 eadem
697 2567 766 2601 est
795 2558 1038 2612 disciplina,
1077 2566 1193 2601 teste
1222 2561 1487 2615 philosopho
1523 2562 1567 2602 in
1598 2562 1801 2615 phisicis3
1841 2565 1920 2605 ab·

129 2641 277 2684 sencia
301 2645 447 2681 nautae
471 2645 538 2680 est
565 2653 696 2680 musa
718 2639 1051 2693 periclitacionis
1076 2641 1209 2691 navis,
1230 2642 1333 2694 quia
1358 2642 1469 2682 sicut
1493 2641 1608 2682 tollit
1635 2644 1919 2694 praesenciam

128 2735 254 2763 suam
293 2726 339 2761 et
377 2719 571 2772 regimen
610 2720 729 2772 quod
763 2720 1018 2761 custodierit
1057 2733 1214 2761 navem
1246 2735 1274 2761 a
1308 2721 1510 2774 periculis
1545 2728 1590 2762 et
1622 2735 1649 2761 a
1679 2722 1919 2777 naufragio,

130 2803 193 2843 sie
230 2799 435 2842 absencia
474 2798 579 2840 boni
627 2800 805 2840 rectoris
854 2800 898 2840 in
946 2800 1256 2854 spiritualibus,
1300 2801 1369 2842 vel
1416 2801 1460 2841 in
1500 2802 1729 2855 temporali
1764 2803 1917 2852 officio,
