2456 3210
691 326 824 363 LOCI
858 325 897 361 E
935 324 1103 360 LIBRO
1149 323 1496 360 VERITATUM.
1921 328 2000 373 197

167 495 170 500 ·
199 478 354 514 notum
381 478 450 513 est
476 471 596 525 quod
628 470 776 525 plures
805 468 995 510 infantes
1019 467 1266 509 moriuntur
1293 467 1388 508 sine
1416 467 1643 522 baptismo
1673 468 1777 522 quia
1807 468 2004 510 ecclesiae

198 551 473 606 parochiales
511 565 601 593 non
634 550 802 592 habent
841 549 1001 600 fontes,
1031 554 1077 590 et
1111 548 1305 590 abbatiae
1341 549 1527 590 diversae
1566 549 1734 592 habent
1774 550 2005 592 licenciam

200 639 243 674 et
264 646 392 673 usum
413 631 534 686 quod
555 644 711 673 omnes
739 631 797 672 de
823 630 953 672 certis
980 628 1198 683 parochiis
1217 628 1446 683 baptizent
1470 629 1515 670 in
1541 643 1693 671 eorum
1714 631 2005 679 monasteriis,

199 719 246 754 et
278 719 430 754 tamen
463 725 552 752 non
581 716 767 765 possunt
796 710 841 751 in
873 715 1016 760 nocte,
1046 722 1127 750 nec
1161 709 1207 750 in
1236 708 1334 750 aliis
1363 709 1649 763 temporibus,
1679 711 1915 752 commode
1946 711 2005 753 ad

200 793 370 834 sontem
404 792 571 833 ibidem
605 791 826 833 accedere.
887 790 1015 841 Item,
1046 789 1251 831 monachi
1283 789 1597 831 Cistercienses
1631 790 1799 832 habent
1830 806 1889 833 ex
1920 793 2007 846 pri-

200 873 372 927 vilegio,
403 886 482 914 seu
511 886 571 913 ex
601 872 784 913 licencia
813 884 955 925 papae,
982 871 1104 924 quod
1134 871 1255 912 idem
1286 876 1365 920 est,
1402 871 1598 912 decimas
1628 878 1847 913 certorum
1878 886 2007 927 agro-

201 967 311 1004 rum,
337 959 383 994 et
409 952 502 1006 jam
528 951 712 993 licencia
744 953 807 993 ita
834 951 1094 993 extenditur
1119 957 1165 992 et
1192 951 1390 992 abutitur
1415 952 1537 1005 quod
1562 952 1607 992 in
1629 952 1759 993 certis
1788 953 2007 1006 parochiis

201 1039 378 1075 curatus
415 1033 494 1074 vix
532 1032 700 1086 aliquid
739 1032 875 1073 habet
920 1031 978 1072 de
1016 1030 1225 1085 parochia
1265 1031 1384 1072 unde
1424 1032 1554 1080 vivat,
1598 1038 1644 1072 et
1684 1033 1811 1086 quasi
1851 1047 2008 1075 omnes

202 1112 405 1155 monachi
434 1113 479 1154 in
510 1113 640 1154 certis
668 1112 778 1154 locis
807 1118 911 1153 sunt
943 1111 1091 1166 magni
1121 1118 1387 1153 mercatores
1413 1119 1458 1154 et
1487 1112 1655 1154 habent
1686 1113 1804 1154 bona
1836 1115 2009 1167 privata

203 1194 345 1235 multa
381 1194 428 1234 in
467 1193 672 1234 manibus
710 1193 931 1242 laicorum,
962 1198 1008 1234 et
1048 1205 1137 1233 non
1176 1192 1440 1245 permittunt
1484 1206 1543 1233 ex
1583 1194 1746 1234 curatis
1785 1193 2008 1245 decimari,

204 1280 250 1315 et
274 1274 337 1315 sic
359 1273 561 1327 ‘sanguis
587 1273 847 1326 sanguinem
874 1269 1048 1325 tetigit‚’
1078 1272 1196 1314 Osee
1226 1272 1284 1326 iiij
1314 1272 1469 1327 caplo„
1499 1273 1526 1313 i.
1546 1287 1583 1314 e.
1611 1287 1748 1314 unum
1775 1283 2008 1328 peccatum

203 1353 383 1395 induxit
423 1353 511 1395 alia
555 1360 740 1408 pecoeta
789 1354 835 1394 in
873 1352 1063 1407 plurima
1108 1353 1376 1394 detrimenta
1418 1353 1680 1394 animarum.
1758 1354 1800 1396 O
1842 1363 2014 1408 quanta

204 1433 323 1475 bona
358 1433 520 1476 faceret
558 1434 701 1475 bonus
742 1447 871 1488 papa,
906 1434 943 1474 si
984 1434 1151 1475 bonum
1191 1433 1399 1486 legatum,
1436 1447 1526 1475 non
1566 1434 1827 1488 inhyantem
1868 1437 2009 1486 donis,

205 1514 283 1555 sed
324 1514 454 1556 saluti
496 1514 757 1566 animarum,
793 1515 989 1555 mitteret
1031 1527 1131 1556 cum
1173 1514 1404 1556 sufficienti
1446 1521 1669 1568 potestate
1711 1516 1755 1556 in
1800 1516 2010 1558 reforma-

205 1595 352 1636 ciones
381 1594 664 1637 ecclesiarum
694 1602 738 1636 et
769 1594 1029 1648 regnorum!

321 1680 368 1724 [p.
384 1680 478 1724 5⁴3]
536 1680 764 1723 Quaerero.
826 1675 1032 1716 Herodes
1053 1688 1134 1716 rex
1154 1674 1356 1728 quaesivit
1374 1674 1542 1727 Jesum‚
1562 1681 1644 1717 etc.
1664 1708 1673 1716 .
1695 1707 1704 1716 .
1725 1707 1735 1716 .
1753 1676 2012 1730 exemplum

206 1760 333 1810 patet
342 1755 438 1809 jam
453 1755 511 1796 de
524 1755 804 1797 ordinacione
823 1755 1142 1809 episcoporum.
1174 1754 1345 1796 Scitum
1363 1762 1430 1796 est
1445 1763 1490 1797 et
1507 1763 1661 1797 notum
1678 1757 1798 1810 quod
1816 1758 2011 1811 episcopi

207 1835 314 1877 olim
334 1835 607 1890 eligebantur
619 1844 771 1878 sancte
790 1850 817 1877 a
837 1836 952 1877 clero
966 1835 1037 1876 vel
1051 1835 1228 1889 populo,
1241 1836 1310 1877 vel
1327 1843 1478 1878 sancte
1498 1837 1658 1891 provisi
1681 1843 1726 1878 et
1746 1838 1865 1878 missi
1887 1844 2012 1879 erant

208 1929 236 1956 a
265 1929 382 1969 papa
411 1916 618 1958 Romano
648 1917 741 1958 sine
775 1916 998 1958 solucione
1029 1916 1269 1970 primorum
1302 1916 1520 1958 fructuum
1551 1917 1748 1959 ecclesiae
1780 1918 2011 1967 Romanae,

210 2001 256 2036 et
275 1994 371 2037 sine
388 1995 538 2050 aliqua
558 1997 842 2048 mediacione,
858 2004 903 2038 et
924 1997 1018 2038 sine
1038 2010 1254 2038 consensu
1276 1997 1390 2051 regis
1406 2014 1417 2048 ;
1439 2004 1484 2039 et
1506 2011 1614 2038 mox
1630 2005 1731 2052 post
1748 1998 2013 2040 eleccionem

213 2075 529 2118 ordinabantur
546 2077 592 2118 in
613 2078 882 2131 episcopum,
905 2083 950 2118 et
971 2076 1181 2117 installati
1201 2076 1374 2118 fuerunt
1401 2085 1502 2132 post
1525 2078 1855 2120 ordinacionem
1875 2092 2013 2128 suam,

213 2162 259 2197 et
287 2161 440 2197 tamen
468 2156 553 2199 ista
571 2158 757 2199 veritate
785 2157 937 2212 agnita
966 2163 1118 2198 contra
1147 2157 1377 2198 veritatem
1407 2157 1470 2208 fit,
1491 2164 1536 2200 et
1555 2158 1716 2199 veritas
1747 2159 1941 2211 perditur
1968 2165 2013 2198 et

214 2249 302 2276 non
322 2237 580 2289 exequitur;
609 2237 713 2291 quia
733 2237 878 2278 nullus
893 2237 987 2291 jam
1016 2237 1060 2277 in
1088 2249 1223 2290 regno
1250 2244 1318 2278 (Ξῖ
1345 2238 1576 2292 episcopus
1604 2238 1684 2278 nisi
1714 2238 1854 2278 solvat
1881 2238 2012 2278 curiae

218 2315 435 2356 Romanae
465 2322 535 2357 tot
562 2317 782 2370 pecunias,
811 2331 888 2358 seu
919 2324 987 2358 tot
1018 2316 1151 2366 milia,
1176 2323 1221 2357 et
1251 2317 1390 2357 eciam
1421 2318 1501 2358 nisi
1534 2331 1633 2359 cum
1665 2317 1748 2357 hoc
1778 2330 2014 2358 consensus

216 2395 330 2448 regis
350 2402 591 2437 concurrat.
646 2397 731 2438 Vae
751 2411 855 2451 ergo
876 2396 963 2438 illis
983 2398 1058 2450 qui
1079 2403 1282 2450 quaerunt
1309 2397 1416 2450 quid
1444 2404 1511 2439 est
1538 2398 1772 2450 agendum,
1795 2404 1838 2437 et
1863 2404 2013 2438 tamen

215 2475 381 2516 faciunt
400 2475 655 2518 continuum
674 2484 725 2519 ut
738 2478 905 2527 volunt,
923 2484 969 2519 et
988 2478 1051 2519 sic
1070 2485 1272 2531 quaerunt
1291 2478 1520 2519 veritatem
1544 2479 1601 2519 ad
1623 2478 1894 2531 perdendum
1916 2491 2014 2518 eam

219 2562 266 2596 et
295 2568 384 2595 non
412 2554 471 2596 ad
499 2555 747 2598 faciendum
775 2559 1017 2600 secundum
1049 2562 1171 2599 eam!
1234 2557 1359 2600 Sicut
1382 2559 1585 2600 Herodes
1614 2558 1839 2611 quaerebat
1862 2557 2015 2610 Jesum

217 2635 276 2676 ad
316 2635 590 2688 perdendum
629 2651 731 2679 eum
770 2645 815 2680 et
852 2640 911 2680 ad
951 2639 1242 2681 occidendum
1283 2653 1396 2690 eum,
1431 2639 1631 2693 quamvis
1671 2637 1786 2678 dixit
1821 2639 2026 2691 seipsum‘

218 2715 404 2756 adorare
431 2715 584 2768 Jesum
615 2717 652 2757 si
681 2717 958 2761 inveniretur.

337 2800 386 2844 [p.
408 2799 499 2844 54⁶]
557 2800 738 2838 Rector.
797 2798 948 2840 Plures
987 2806 1145 2853 optant
1182 2804 1227 2839 et
1267 2805 1507 2852 expectant
1552 2803 1600 2838 ut
1641 2796 1833 2838 habeant
1873 2797 2015 2840 bonos

226 2874 455 2928 episcopos
487 2875 703 2928 praelatos,
733 2883 778 2918 et
810 2884 859 2919 ut
893 2878 1087 2921 habeant
1119 2879 1259 2920 bonos
1292 2886 1491 2928 rectores,
1523 2890 1600 2930 per
1633 2890 1816 2929 quorum
1847 2878 2013 2920 bonum
