2456 3210
590 243 724 279 LOCI
758 243 798 278 E
834 242 1003 278 LIBRO
1049 241 1392 277 VERITATUM.
1816 236 1898 282 107

91 383 299 425 miseram
337 384 745 439 appropriacionem
785 384 1082 434 destruuntur,
1122 389 1169 425 et
1206 383 1481 432 omittuntur,
1522 386 1567 422 et
1606 379 1668 421 sic
1713 383 1899 433 pereunt

86 463 428 507 innumerabilia
450 465 583 515 bona,
606 478 708 518 quae
737 465 894 506 fierent
913 465 951 506 si
980 464 1177 506 rectoriae
1208 464 1253 504 in
1280 464 1477 517 primeva
1509 474 1589 502 sua
1615 459 1898 501 ordinacione

88 550 437 598 <permanerent3
483 550 529 586 et
564 544 800 586 verisimile
840 551 908 586 est
945 558 1026 599 per
1062 544 1175 586 vicia
1213 543 1448 598 regnancia
1487 555 1569 596 per
1612 539 1897 581 omissionem

92 624 406 678 praedictorum
435 625 664 676 bonorum,
694 638 795 679 quae
824 632 1009 679 pereunt
1047 639 1138 680 perv
1158 623 1568 679 appropriacionem
1599 620 1894 667 ecclesiarum,

91 703 213 758 quod
262 703 409 758 plures
451 706 612 746 animae
655 711 702 746 et
748 705 1088 746 innumerabiles
1130 705 1431 759 dampnantur
1474 701 1750 749 aeternaliter,
1795 713 1898 753 quae

91 783 228 825 salvae
260 784 447 827 fuissent
476 785 514 826 si
542 783 799 827 habuissent
831 786 974 827 bonos
1002 791 1193 827 rectores
1226 791 1271 826 et
1300 784 1388 826 alia
1417 789 1572 825 sancta
1610 795 1747 835 opera
1785 793 1897 834 prae-

88 863 224 915 dicta,
243 878 356 919 quae,
381 848 467 919 per*
486 864 624 907 talem
644 865 851 914 miseram
878 865 1286 920 appropriacionem
1312 864 1605 912 ecclesiarum,
1632 861 1899 903 omittuntur

91 949 140 985 et
165 950 363 998 pereunt,
384 951 431 987 et
455 945 519 987 ita
537 945 656 987 bona
682 959 817 1000 opera
846 947 891 987 in
918 952 988 988 tot
1017 946 1215 1000 personis
1245 951 1291 987 et
1320 943 1597 999 parochianis
1627 942 1790 984 omissa
1819 955 1898 995 per

91 1024 228 1066 talem
262 1025 669 1080 appropriacionem
707 1032 812 1068 sunt
845 1026 891 1067 in
934 1032 1032 1068 toto
1070 1026 1207 1080 plura,
1242 1026 1301 1067 de
1337 1024 1573 1074 verisimili,
1608 1036 1742 1077 quam
1778 1022 1897 1063 bona

91 1104 209 1146 facta
235 1105 307 1147 vel
336 1105 483 1147 fienda
508 1119 590 1160 per
617 1106 773 1160 viginti
800 1107 871 1148 vel
902 1107 1195 1161 quadraginta
1222 1106 1338 1148 viros
1366 1105 1436 1147 vel
1466 1104 1705 1158 religiosos,
1737 1102 1897 1157 quibus

87 1185 190 1227 istae
227 1184 424 1228 ecclesiae
455 1187 804 1240 appropriantur,
834 1193 880 1229 et
913 1187 987 1241 qui
1022 1186 1252 1229 retrahunt
1284 1187 1403 1228 bona
1434 1185 1716 1227 ecclesiarum
1752 1198 1780 1224 a
1814 1196 1897 1223 suo

89 1271 214 1307 recto
250 1279 344 1318 usu,
379 1272 561 1321 propter
597 1281 699 1321 quae
730 1268 855 1309 Deus
895 1267 971 1309 illa
1005 1267 1125 1308 bona
1163 1266 1379 1309 concessit
1418 1265 1580 1307 curatis
1618 1264 1895 1313 animarum3

89 1346 210 1387 unde
244 1346 402 1388 merito
435 1347 545 1389 dicit
583 1354 630 1390 et
663 1354 863 1396 testatur,
898 1354 1064 1389 sanctae
1099 1347 1324 1389 memoriae
1358 1346 1515 1388 doctor
1546 1345 1753 1387 dominus
1788 1343 1896 1385 Lin-

90 1424 334 1478 colniensis,
372 1426 418 1468 in
458 1426 766 1481 Proposicione
809 1442 889 1469 sua
927 1428 1081 1469 habita
1124 1441 1273 1469 coram
1314 1441 1433 1481 papa
1464 1426 1735 1476 Innocentio,
1766 1427 1777 1444 ‘
1794 1437 1895 1466 cum

87 1504 209 1548 facta
238 1512 307 1548 est
342 1506 444 1549 talis
478 1507 763 1550 ecclesiarum
794 1508 1110 1562 appropriacio‚
1141 1508 1258 1549 facta
1287 1514 1356 1549 est
1391 1509 1436 1548 in
1467 1505 1654 1548 ecclesia
1681 1505 1769 1547 Dei
1799 1518 1896 1546 om-

86 1585 213 1627 nium
235 1585 451 1628 malorum
474 1586 786 1642 perpetuacio.’
836 1588 928 1631 Sed
961 1587 1074 1629 forte
1105 1587 1240 1642 aliqui
1271 1588 1436 1638 dicunt,
1458 1586 1644 1628 ‘Melius
1674 1591 1742 1627 est
1766 1598 1896 1639 paro·

87 1663 254 1708 chianis
271 1680 341 1707 xx
370 1666 596 1721 religiosos
622 1682 748 1710 orare
778 1674 825 1710 et
850 1668 1008 1709 missas
1029 1668 1128 1710 Deo
1154 1668 1375 1710 celebrare
1398 1681 1479 1722 pro
1508 1667 1571 1709 eis
1600 1679 1734 1721 quam
1757 1679 1893 1707 unum

75 1751 316 1797 rectorem,
338 1747 418 1788 sed
447 1747 511 1789 sic
539 1747 591 1789 fit
619 1762 700 1802 per
728 1748 1136 1802 appropriacionem
1167 1748 1461 1799 ecclesiarum,
1491 1762 1597 1803 ergo
1633 1746 1790 1788 melius
1826 1753 1894 1787 est

88 1824 363 1878 parochianis
400 1826 536 1869 talem
575 1829 983 1883 appropriacionem
1019 1828 1111 1870 fieri
1152 1843 1287 1883 quam
1323 1843 1412 1871 non
1442 1828 1536 1870 fieri
1555 1827 1578 1879 ;'
1623 1828 1717 1869 sine
1756 1827 1894 1868 dubio

87 1903 251 1946 veritas
277 1905 323 1947 in
346 1905 432 1948 hac
455 1908 642 1950 materia
661 1915 816 1963 aperta
847 1915 926 1960 est,
947 1923 1047 1962 quae
1070 1904 1184 1951 hahc
1208 1909 1503 1964 objectionem
1525 1908 1713 1950 tolleret.
1758 1907 1892 1949 Com-

88 1984 267 2038 paracio
293 1998 383 2027 non
410 1987 546 2029 debet
573 1987 667 2030 fieri
697 1989 811 2030 inter
834 1989 990 2030 missas
1018 1989 1217 2031 omnium
1246 1989 1548 2044 religiosorum
1579 1989 1708 2030 unius
1740 2001 1892 2028 mona-

89 2063 211 2106 sterii
240 2070 286 2107 et
313 2066 494 2109 missam
514 2069 641 2110 unius
667 2070 847 2111 rectoris
876 2069 1073 2111 ecclesiae
1099 2070 1239 2122 unius,
1259 2071 1338 2112 sed
1368 2070 1482 2112 inter
1509 2070 1666 2111 missas
1696 2070 1891 2121 ipsorum

89 2150 137 2186 et
161 2157 317 2187 omnes
341 2147 498 2190 missas
516 2148 654 2204 ipsius
682 2150 861 2192 rectoris
889 2156 935 2192 et
961 2149 1155 2205 ipsorum
1177 2165 1289 2205 quos
1316 2151 1511 2203 exhibet,
1531 2157 1575 2192 et
1604 2152 1716 2191 inter
1742 2148 1892 2190 omnia

87 2224 209 2266 bona
244 2224 331 2268 alia
369 2240 470 2281 quae
506 2242 588 2283 per
628 2236 845 2272 rectorem
879 2230 924 2272 in
954 2230 1101 2284 seipso
1136 2237 1181 2273 et
1210 2230 1307 2273 aliis
1347 2231 1620 2286 perveniunt,
1654 2230 1772 2271 unde
1811 2228 1890 2269 ali-

87 2305 270 2358 quando
307 2304 456 2360 plures
497 2315 623 2351 actus
660 2310 766 2352 boni
812 2317 1119 2352 sustentantur
1155 2318 1201 2353 et
1240 2311 1590 2366 multiplicantur
1635 2323 1714 2364 per
1754 2322 1890 2349 unum

88 2390 305 2426 rectorem
338 2385 385 2427 in
419 2386 540 2430 mille
572 2389 850 2443 parochianis
882 2391 983 2441 suis,
1014 2396 1060 2432 et
1091 2391 1137 2432 in
1172 2390 1269 2433 aliis
1298 2393 1497 2447 personis
1527 2404 1608 2445 per
1637 2389 1742 2431 talia
1772 2389 1891 2430 bona

29 2463 65 2477 Χ
87 2477 179 2505 non
212 2465 506 2519 appropriata,
532 2469 607 2522 qui
641 2476 768 2512 actus
797 2484 886 2512 non
917 2471 979 2512 sic
1010 2470 1122 2512 fiunt
1147 2484 1227 2525 per
1254 2471 1480 2526 religiosos
1512 2479 1556 2512 et
1587 2470 1695 2512 alios
1729 2469 1890 2521 quibus

88 2542 287 2585 ecelesiae
313 2546 661 2600 appropriantur,
689 2550 767 2591 sed
797 2551 927 2604 pauci
955 2550 1070 2592 tales
1099 2557 1224 2592 actus
1254 2552 1369 2594 inter
1398 2553 1517 2606 ipsos
1552 2550 1662 2590 fiunt
1693 2549 1737 2589 in
1767 2561 1889 2590 com-

86 2623 320 2679 paracione
347 2625 406 2666 ad
436 2631 560 2668 actus
577 2627 719 2670 bonos
746 2630 823 2684 qui
852 2645 933 2685 per
950 2632 1118 2672 bonum
1149 2638 1362 2674 rectorem
1393 2633 1438 2672 in
1466 2630 1662 2684 pluribus
1692 2629 1889 2682 personis

86 2705 201 2746 fiunt
230 2710 276 2746 et
304 2703 470 2757 fierent,
499 2705 535 2747 si
565 2714 708 2750 rector
734 2710 793 2751 sit
821 2710 935 2753 sicut
965 2719 1092 2762 esset,
1120 2712 1196 2753 ubi
1226 2712 1339 2754 forte
1369 2725 1448 2765 per
1477 2710 1552 2750 illa
1580 2709 1700 2750 bona
1728 2722 1889 2762 appro-

86 2785 230 2839 priata
257 2784 385 2838 pauci
412 2784 524 2827 tales
552 2791 677 2830 actus
699 2787 821 2841 fiunt,
841 2796 887 2833 et
906 2790 991 2833 hoc
1015 2792 1196 2845 praecise
1218 2798 1268 2834 ut
1297 2789 1588 2834 communiter
1617 2789 1661 2831 in
1689 2790 1887 2843 personis

950 2869 977 2900 P
1002 2871 1024 2900 2
