2456 3210
376 199 432 244 50
874 195 1006 231 LOCI
1040 195 1079 230 E
1117 195 1282 231 LIBRO
1330 171 1674 232 VERJTATUM.

377 339 650 392 Psalterium,
683 353 813 395 super
845 339 921 381 illo
950 354 1077 382 versu
1110 338 1273 381 Psalmi
1306 346 1372 391 75,
1404 345 1453 381 ut
1482 339 1631 381 salvos
1663 339 1838 389 faceret,
1871 346 1980 392 etc.;
2024 346 2177 383 contra

376 419 475 462 illos
496 420 572 475 qui
600 420 763 471 dicunt,
783 419 1063 475 Augustinus
1082 419 1154 461 vel
1179 419 1280 461 talis
1311 419 1468 461 doctor
1486 419 1567 461 fuit
1593 419 1729 461 homo
1759 426 1809 462 ut
1839 434 1923 475 ego
1950 434 2062 471 sum,
2094 426 2190 464 etc..

493 499 539 551 [p.
559 506 654 551 4²7]
706 499 937 542 Contrario
964 513 1068 542 vero
1099 499 1232 541 modo
1261 505 1445 554 possunt
1473 497 1618 541 dicere
1645 499 1792 554 plures
1813 499 2019 555 episcopi,
2042 514 2179 556 reges,

378 586 424 624 et
454 581 640 634 patroni,
672 580 947 623 conferentes
977 586 1152 622 curatos
1189 586 1234 622 et
1269 579 1499 622 officiarios
1533 578 1700 636 populo
1734 580 1842 627 Dei.
1902 584 1912 602 ‘
1934 581 2178 638 Numquid,

380 661 421 705 O
458 661 666 716 parochia
699 660 827 703 talis!
879 674 956 702 seu
999 660 1039 703 O
1078 660 1240 715 popule
1277 659 1391 702 Dei!
1443 660 1657 720 numquid
1693 674 1777 715 ego
1818 674 1911 710 rex,
1943 674 2027 715 ego
2068 663 2182 716 epis-

379 755 528 797 copus,
561 755 644 796 ego
683 747 894 795 patronus
934 739 1141 790 ecclesiae,
1174 740 1389 794 numquid
1429 753 1512 794 ego
1552 739 1707 795 decepi
1745 754 1824 782 vos
1865 741 2043 794 quando
2084 741 2187 783 misi

378 823 503 864 vobis
542 821 678 863 talem
719 822 928 876 cupidum
964 820 1231 872 officiarium,
1265 820 1336 862 vel
1376 819 1512 862 talem
1552 826 1765 872 curatum,
1800 820 1870 862 vel
1911 821 2189 876 episcopum,

378 903 453 956 qui
495 915 583 944 non
621 900 844 943 residebat
879 906 997 943 recte
1038 900 1081 942 in
1115 914 1218 942 cura
1258 914 1348 952 sua,
1379 901 1453 955 qui
1485 900 1569 942 fuit
1604 900 1763 951 ebrius,
1795 901 1955 944 absens
1986 915 2014 943 a
2042 901 2189 952 vobis,-

377 996 540 1024 nocens
579 982 704 1024 vobis
744 981 1031 1036 parochianis,
1061 981 1309 1023 omittendo
1348 994 1483 1036 opera
1511 981 1638 1022 vobis
1674 981 1836 1032 debita,
1877 987 1922 1024 et
1962 981 2038 1023 illa
2080 994 2188 1026 nec-1

375 1062 568 1117 ligendo,
614 1069 659 1105 et
709 1062 826 1104 mala
870 1062 1042 1104 diversa
1087 1061 1419 1110 committendo,
1461 1061 1675 1115 numquid
1716 1061 1853 1103 talem
1894 1062 2183 1116 praepositum

375 1143 501 1185 vobis
534 1142 763 1194 mittendo,
795 1156 876 1184 vos
910 1140 1095 1197 decepi?
1158 1141 1291 1184 Certe
1319 1155 1399 1183 vos
1426 1141 1592 1195 decepi,
1625 1147 1670 1183 et
1703 1155 1781 1182 vos
1812 1141 1904 1183 laesi
1935 1142 1980 1183 in
2010 1142 2108 1194 hoc,
2138 1147 2187 1184 et

378 1224 535 1275 dicam,
570 1223 703 1265 velim
740 1223 888 1274 nolim,
923 1236 1072 1264 coram
1108 1222 1208 1263 Deo
1243 1222 1315 1263 die
1345 1221 1498 1275 judicii
1531 1222 1617 1263 mei
1653 1221 1771 1273 recti,
1803 1221 1839 1262 si
1875 1222 2018 1263 bonus
2048 1221 2184 1264 homo

381 1303 535 1346 fuisset
570 1303 640 1346 hic
676 1303 719 1344 in
757 1303 842 1344 ista
878 1316 980 1344 cura
1012 1308 1117 1345 tunc
1144 1302 1280 1344 frater
1314 1314 1438 1344 meus
1475 1315 1563 1343 non
1602 1300 1755 1343 fuisset
1786 1302 1847 1343 sic
1878 1309 2092 1353 mortuus,
2124 1315 2184 1344 sc.

369 1383 570 1438 -populus
601 1384 804 1434 Xtianus,
835 1385 910 1438 qui
946 1397 1024 1438 per
1054 1384 1237 1424 missum
1271 1397 1298 1425 a
1331 1397 1403 1424 me
1436 1382 1576 1438 periit,
1613 1382 1713 1424 ideo
1743 1382 1873 1436 juste,
1909 1383 1992 1425 Vae
2023 1383 2189 1425 michi!

382 1464 485 1518 quia
517 1464 653 1506 talem
685 1464 972 1519 praepositum
996 1463 1162 1519 populo
1191 1464 1278 1506 Dei
1310 1461 1436 1506 misi.’
1496 1467 1510 1487 ‘
1526 1460 1651 1518 Eg0,'
1678 1463 1820 1517 inquit
1847 1463 2096 1518 Apostolus
2126 1463 2188 1506 ad

385 1544 688 1599 Philippenses
711 1550 764 1596 2⁸,
790 1547 799 1565 ‘
816 1559 944 1599 spero
976 1545 1021 1585 in
1058 1544 1260 1586 Domino'
1284 1544 1391 1598 Jesu
1421 1543 1723 1593 Timotheum,
1745 1557 1804 1585 sc.
1831 1544 1973 1585 virum
2002 1544 2185 1593 bonum,

385 1625 473 1667 cito
514 1639 585 1666 me
626 1626 801 1667 mittere
845 1625 902 1667 ad
942 1638 1033 1676 vos,
1070 1624 1291 1666 neminem
1331 1625 1448 1666 enim
1488 1606 1649 1666 habeo·
1672 1630 1764 1665 tam
1804 1624 2071 1675 unanimem,
2109 1624 2187 1678 qui,

384 1704 552 1747 sincera
587 1705 822 1747 affeccione
856 1719 936 1759 pro
970 1705 1096 1747 vobis
1131 1705 1342 1747 sollicitus
1377 1703 1462 1746 sit?
1522 1703 1613 1746 Sed
1649 1717 1729 1758 pro
1764 1703 1906 1745 salute
1940 1704 2185 1745 animarum

383 1791 626 1826 vestrarum
668 1785 949 1827 consimiliter
994 1785 1158 1827 diceret
1197 1799 1315 1839 papa
1373 1784 1580 1826 ordinans
1630 1784 1790 1825 Romae
1831 1784 2186 1838 poenitenciarios

383 1865 594 1919 puplicos,
636 1872 680 1907 et
720 1880 855 1920 reges,
898 1872 942 1908 et
987 1866 1191 1920 episcopi,
1233 1871 1278 1907 et
1318 1864 1505 1919 patroni,
1546 1870 1590 1906 et
1629 1864 1882 1906 ordinantes
1917 1863 2099 1918 judices,
2140 1870 2189 1907 et

385 1945 625 1996 officiarios,
660 1946 703 1986 in
734 1946 900 2000 populo
935 1946 1155 1988 dicerent:
1193 1945 1359 1987 ‘Mitto
1389 1945 1514 1986 vobis
1544 1943 1680 1986 talem
1710 1944 1876 1985 bonum
1908 1950 1953 1986 et
1983 1951 2185 1987 sanctum

383 2026 535 2078 virum,
568 2027 672 2080 quia
707 2027 928 2068 neminem
963 2025 1106 2068 habeo
1141 2026 1215 2080 qui
1255 2026 1318 2068 ita
1357 2024 1591 2067 concordet
1625 2038 1737 2066 meae
1771 2024 1988 2067 voluntati
2023 2025 2068 2067 in
2101 2024 2186 2066 hoc

385 2112 538 2148 sancto
583 2107 766 2161 negocio
814 2121 890 2149 seu
932 2107 1076 2148 officio
1117 2106 1379 2160 exequendo
1427 2102 1571 2146 recte.’
1652 2104 1766 2146 Item
1813 2105 1913 2146 talis
1961 2105 2188 2147 ordinator

385 2187 815 2240 poenitenciariorum
846 2194 892 2230 et
916 2188 1223 2241 episcoporum
1253 2191 1298 2228 et
1329 2185 1526 2240 judicum
1559 2189 1604 2227 et
1633 2191 1882 2227 curatorum
1914 2192 1958 2228 et
1989 2185 2187 2228 officiari-

386 2280 511 2308 orum
542 2267 708 2309 diceret
742 2267 855 2309 sicut
886 2267 1074 2309 Sanctus
1106 2265 1268 2308 Paulus
1297 2266 1415 2307 dixit
1446 2263 1705 2307 Corintheis.

371 2333 373 2336 Ι
502 2353 548 2397 [p.
571 2353 664 2395 428]
723 2347 838 2389 Vide
872 2347 956 2389 hoc
994 2361 1124 2401 super
1162 2352 1339 2389 textum
1375 2344 1584 2399 Apostoli
1620 2358 1698 2399 per
1734 2346 1963 2387 dominum
1998 2345 2186 2389 Lincoln

389 2439 518 2481 super
547 2427 772 2482 Epistolas
796 2427 915 2470 beati
945 2427 1067 2469 Pauli
1092 2425 1292 2481 apostoli,
1321 2439 1452 2479 super
1480 2438 1591 2479 quas
1619 2426 1791 2480 scripsit
1821 2440 1900 2468 sua
1924 2439 2057 2467 manu
2085 2439 2186 2480 pro-

388 2508 493 2561 pria,
516 2515 562 2551 et
591 2509 713 2551 illam
743 2509 1003 2562 scripturam
1031 2508 1121 2550 vidi
1150 2507 1327 2562 quando
1351 2505 1411 2547 fui
1436 2505 1717 2548 cancellarius
1740 2506 1957 2559 Oxoniae3
1990 2519 2070 2561 pro
2097 2519 2186 2560 qua

391 2588 569 2631 Oxonia
596 2589 690 2644 jam
718 2589 873 2631 dolens
897 2589 1020 2630 dico:
1055 2585 1181 2629 Heu!
1212 2586 1322 2628 heu!
1352 2585 1462 2627 heu!
1492 2585 1683 2628 Domine
1712 2587 1859 2629 Deus!
1890 2599 1970 2641 pro
1994 2585 2186 2640 peccatis

392 2669 571 2722 magnis,
595 2684 693 2724 quae
722 2671 765 2711 in
794 2668 1020 2724 praetensis
1048 2666 1327 2709 studentibus
1349 2665 1551 2715 Oxoniae,
1574 2680 1672 2720 quae
1701 2680 1811 2710 onus
1836 2672 1904 2709 est
1927 2665 2051 2721 quasi
2070 2670 2186 2709 totae

391 2749 542 2801 patriae
571 2750 892 2805 circumjacenti
921 2749 971 2800 ei,
993 2761 1071 2802 per
1097 2747 1220 2790 illata
1250 2760 1329 2800 per
1356 2745 1634 2789 Oxonienses
1661 2753 1903 2801 praetensos
1927 2745 2127 2789 scolares,
