2456 3210
622 243 755 278 LOCI
788 242 829 277 E
866 242 1034 277 LIBRO
1081 243 1427 281 VERJTATUM.
1873 250 1928 294 33

121 387 260 429 habes
293 387 461 429 bullam
493 388 699 442 papalem
735 387 810 442 qui
847 387 996 429 fallere
1031 395 1179 442 potest
1218 397 1263 430 et
1303 389 1407 439 falli,
1442 389 1547 443 quia
1578 389 1680 430 novi
1719 389 1839 442 quod
1882 389 1925 429 in

123 467 257 510 Curia
278 469 494 520 Romana,
515 475 752 523 postquam
773 482 890 522 papa
909 469 1102 522 aliquam
1123 470 1390 524 peticionem
1418 470 1501 512 sibi
1529 470 1691 511 factam
1714 470 1930 511 concessit

121 548 279 590 bullari
309 549 391 590 sub
421 549 504 591 hac
534 549 674 591 forma
703 548 851 590 “fiat”
878 548 948 590 vel
978 550 1061 591 sub
1090 549 1174 591 hac
1203 550 1346 592 sorm'a
1375 551 1490 592 “fiat
1520 558 1569 592 ut
1599 548 1801 604 petitur,''
1823 557 1928 591 tunc

122 628 376 671 cubicularii
409 643 539 684 papae
580 638 625 671 et
669 629 893 671 camerarii
934 636 979 671 et
1018 637 1230 682 astantes,
1260 631 1461 673 avariciae
1501 645 1671 672 veneno
1712 631 1955 680 inebriatis

122 708 287 751 faciunt
311 710 453 752 bullas
478 710 683 764 augendo
707 716 752 751 et
779 710 1068 752 diminuendo
1091 710 1308 752 clausulas
1339 712 1382 752 in
1414 711 1546 762 bulla,
1571 726 1671 765 quae
1702 724 1930 764 nunquam

1927 784 1957 791 ι-

122 803 242 843 papa
277 791 399 832 novit
429 804 509 833 nec
539 791 752 832 concessit
783 804 863 831 nec
896 791 1136 832 concedere
1169 798 1317 845 potest
1348 793 1595 845 acceptorie
1628 805 1775 833 coram
1816 791 1930 840 Deo,

124 876 172 911 et
211 870 335 918 ideo:
366 870 508 924 inquit
547 871 790 925 episcopus,
820 874 933 911 ‘non
972 870 1131 912 faciam
1169 871 1412 912 secundum
1451 871 1620 912 bullam
1660 878 1796 920 tuam,
1829 872 1935 925 quia

124 949 256 991 credo
295 950 415 1004 quod
455 963 570 1005 papa
610 951 819 992 vocaliter
860 951 945 992 ista
985 965 1073 992 non
1113 953 1336 1002 concessit,
1378 958 1422 992 et
1461 952 1552 993 scio
1592 952 1711 1005 quod
1758 952 1937 1007 YQQ‘

95 1029 365 1071 'concedere
394 1044 484 1072 non
514 1038 675 1085 potest,
712 1038 911 1085 potestas
944 1031 1061 1072 enim
1093 1045 1174 1072 sua
1205 1031 1311 1072 data
1342 1039 1409 1073 est
1442 1032 1523 1072 sibi
1559 1045 1586 1072 a
1621 1032 1715 1073 Xto
1746 1038 1795 1073 ut
1826 1031 1939 1085 liget

125 1110 245 1162 quod
281 1117 348 1151 est
382 1110 560 1164 ligabile
595 1117 714 1153 recte
745 1111 803 1152 ab
842 1111 1032 1161 homine,
1064 1117 1109 1152 et
1143 1111 1281 1165 ligare
1315 1118 1360 1153 et
1390 1111 1559 1152 solvere
1594 1112 1688 1152 sine
1719 1125 1934 1152 consensu

126 1188 316 1230 hominis
350 1191 557 1245 quicquid
598 1191 643 1232 in
677 1191 847 1232 actibus
886 1191 1118 1242 humanis;
1170 1192 1359 1245 pertinet
1391 1205 1495 1233 vero
1529 1192 1664 1233 cultui
1703 1192 1788 1232 Dei
1823 1193 1935 1245 aug-4

128 1270 368 1312 mentando
398 1277 443 1312 et
471 1271 717 1312 animarum
748 1285 862 1312 verae
893 1271 1035 1321 saluti,
1066 1271 1184 1312 unde
1220 1285 1336 1325 papa
1364 1278 1513 1326 potest
1544 1272 1710 1313 bonum
1732 1278 1935 1313 curatum*

127 1361 157 1389 a
177 1362 281 1390 cura
303 1350 536 1404 expellere,
558 1351 655 1405 ipso
686 1351 834 1401 invito,
856 1358 906 1392 ut
933 1351 1158 1392 meliorem
1180 1365 1327 1393 coram
1355 1352 1454 1393 Deo
1485 1352 1696 1402 instituat,
1722 1365 1858 1405 quare
1889 1352 1934 1392 in

127 1426 213 1470 hoc
231 1429 428 1471 imitatur
447 1430 692 1472 Dominum
722 1431 882 1482 Deum,
903 1431 1009 1484 quia
1037 1430 1288 1473 Barnabam
1318 1433 1363 1473 in
1392 1433 1491 1474 loco
1522 1432 1652 1485 Judae
1683 1445 1769 1473 non
1802 1431 1937 1486 elegit

127 1515 197 1550 set
246 1509 485 1552 Matthiam
537 1510 763 1552 meliorem
811 1511 869 1552 ad
919 1510 1003 1552 hoc
1047 1511 1235 1552 officium
1287 1519 1406 1554 recte
1456 1513 1781 1566 exequendum.
1871 1512 1936 1555 Et

130 1587 313 1642 Moyses
333 1590 446 1632 filios
472 1605 574 1632 suos
603 1604 873 1632 successores
900 1591 984 1632 sibi
1011 1604 1100 1631 non
1127 1591 1272 1646 elegit,
1295 1594 1373 1634 sed
1397 1593 1563 1646 judicio
1586 1593 1671 1634 Dei
1698 1593 1935 1643 commisit,

128 1669 204 1722 qui
226 1670 382 1711 melius
402 1671 548 1724 potuit
567 1678 612 1712 et
638 1671 762 1712 novit
787 1677 832 1711 et
861 1670 1017 1711 melius
1043 1671 1181 1713 voluit
1208 1674 1436 1726 providere
1461 1674 1519 1715 de
1546 1679 1724 1727 pastore
1752 1673 1939 1725 meliori,

129 1754 177 1790 et
213 1749 276 1791 sic
311 1750 463 1803 Josuae
502 1751 722 1804 providit;
768 1751 866 1804 quis
903 1751 1019 1791 enim
1055 1765 1174 1793 sanae
1215 1753 1376 1795 mentis
1414 1753 1500 1795 hoc
1539 1754 1776 1795 affirmaret
1812 1754 1955 1807 quod—

129 1828 314 1882 quilibet
344 1831 550 1872 sacerdos
580 1830 814 1884 requisitus
845 1831 905 1871 ad
939 1830 1259 1874 absolvendum
1297 1834 1526 1875 absolvere
1564 1841 1740 1876 tenetur
1778 1847 1935 1887 quem-

131 1922 303 1963 cunque
348 1910 423 1965 qui
466 1924 546 1965 per
590 1910 759 1952 bullam
806 1910 1011 1965 papalem
1052 1910 1191 1954 habet
1235 1913 1477 1963 licenciam,
1520 1922 1568 1956 ut
1615 1913 1869 1955 absolvatur
1907 1927 1936 1954 a

120 1974 395 2045 ”quocunque
441 1991 618 2045 ydoneo
658 1989 918 2032 sacerdote?
1008 1990 1058 2032 Si
1103 1992 1220 2033 enim
1271 1995 1504 2048 episcopus
1554 2008 1630 2035 seu
1683 2001 1824 2035 rector
1873 1994 1934 2034 sic

131 2069 389 2122 absolveret,
426 2071 543 2113 male
577 2078 623 2113 et
649 2071 829 2112 abusive
865 2076 910 2112 et
950 2069 1112 2123 injuste
1152 2071 1326 2124 faceret,
1365 2075 1468 2128 quia
1508 2074 1643 2115 habet
1683 2088 1809 2128 veras
1846 2074 1935 2123 e—vi:

134 2150 312 2191 dencias
347 2156 399 2207 gt
433 2158 697 2205 argumenta
734 2165 834 2205 quae
873 2151 932 2192 ad
973 2150 1180 2192 effectum
1218 2167 1333 2195 verae
1373 2154 1609 2196 solucionis
1648 2168 1678 2195 a
1721 2153 1849 2207 culpa
1891 2160 1938 2194 et

135 2242 164 2269 a
184 2242 317 2282 poena
336 2244 416 2284 per
434 2216 581 2272 Deum
603 2230 775 2282 fiendae,
795 2244 874 2272 nec
897 2231 1214 2284 impedimenta
1235 2241 1408 2276 cessant
1436 2248 1516 2276 nec
1543 2235 1749 2287 requisita
1772 2240 1935 2281 assunt,

136 2314 182 2350 et
211 2309 273 2350 sic
307 2309 420 2351 tales
449 2310 669 2353 vivificant
701 2312 871 2352 animas
905 2325 1005 2365 quae
1041 2325 1131 2352 non
1165 2313 1330 2365 vivunt,
1368 2314 1614 2356 Ezechielis
1657 2325 1706 2367 13
1744 2317 1825 2354 ca0.
1861 2313 1886 2354 i.
1900 2327 1937 2354 e.

112 2394 338 2430 -asserunt
368 2402 443 2430 ens
473 2391 616 2432 vivere
645 2405 795 2433 coram
827 2391 927 2433 Deo
957 2393 1048 2432 vita
1077 2393 1236 2445 graciae
1265 2393 1387 2436 falsae
1418 2402 1514 2436 tum
1546 2393 1725 2435 dicunt?
1930 2422 1937 2426 «

254 2474 299 2517 [p.
322 2474 415 2518 373]
474 2469 585 2523 Ejus
629 2471 819 2525 legenda
858 2470 927 2527 (S.
964 2471 1163 2525 Gregorii
1204 2474 1351 2529 papae)
1391 2489 1492 2528 quae
1533 2474 1691 2526 legitur
1731 2473 1788 2513 de
1826 2471 1940 2513 elec-

140 2548 267 2590 cione
294 2547 446 2590 Sancti
470 2548 666 2604 Gregorii
682 2551 742 2592 'in
770 2551 955 2593 ecclesia
982 2552 1065 2593 Xti
1102 2552 1352 2595 Cantuariae
1380 2555 1426 2596 in
1455 2554 1606 2608 vigilia
1634 2551 1940 2593 translacionis

143 2627 295 2670 Sancti
325 2627 559 2670 Cuthberti
589 2630 654 2683 iij⁰
685 2631 759 2672 die
791 2630 1080 2685 Septembris,
1110 2639 1218 2673 tunc
1251 2634 1370 2675 enim
1399 2641 1467 2675 est
1501 2633 1661 2674 festum
1689 2631 1854 2672 ibidem
1884 2631 1943 2673 de

144 2707 238 2761 ejus
267 2708 485 2749 eleccione
513 2715 668 2750 meta
694 2710 740 2751 in
768 2724 944 2764 papam.

258 2794 303 2836 [p.
331 2793 422 2837 375]
481 2787 575 2838 Vae,
598 2802 668 2830 vae
690 2789 930 2832 infelicitati
958 2791 1175 2844 temporis
1199 2794 1338 2833 nostri
1362 2792 1562 2833 moderni
1587 2790 1630 2830 in
1661 2803 1750 2843 quo
1781 2792 1946 2846 superi·

1025 2869 1051 2899 F
