2456 3210
627 260 758 295 LOCI
793 259 832 294 E
871 259 1036 295 LIBRO
1083 258 1425 295 VERJTATUM
1880 262 1927 303 17

129 406 277 457 ruinae,
307 407 427 460 quod
463 405 720 460 exemplum
761 406 926 447 malum
969 406 1193 447 inductum
1234 405 1314 447 fuit
1355 405 1399 445 in
1440 404 1653 459 Angliam
1693 417 1811 445 anno
1853 403 1932 444 Xti

135 485 258 538 1456,
285 486 543 528 licenciante
577 501 692 541 papa
735 485 903 528 Calisto
939 491 986 541 3⁰
1021 492 1066 527 et
1101 486 1221 527 illam
1261 491 1520 539 acceptante
1555 484 1746 539 Georgio
1780 484 1935 534 Nevel,

132 564 224 607 filio
259 566 438 608 Ricardi
467 567 639 609 comitis
675 566 847 617 Sarum,
877 572 983 608 tunc
1018 566 1246 607 sacerdote
1282 572 1328 607 et
1364 565 1575 619 magistro
1609 565 1788 614 arcium,
1818 577 1937 618 papa

134 646 254 688 enim
292 646 365 688 ille
400 660 548 688 secum
580 645 849 700 dispensavit
885 652 935 687 ut
966 645 1148 687 haberet
1186 645 1413 687 licenciam
1454 645 1689 699 colligendi
1729 644 1938 699 pecunias

134 725 414 780 episcopatus
454 726 643 768 Exoniae
691 727 768 767 sed
811 740 900 767 non
944 725 1064 780 quod
1111 731 1228 767 esset
1275 726 1507 779 episcopus
1554 730 1833 767 consecratus
1879 725 1938 765 ad

134 804 367 847 salvandas
397 807 567 848 animas
602 820 830 860 quousque
865 806 959 860 ipse
991 811 1088 847 tum
1121 817 1175 860 23
1211 819 1351 847 annos
1383 806 1581 847 existens
1610 805 1848 859 attingeret
1879 805 1939 846 ad

137 896 191 938 27
222 899 386 927 annum
416 887 561 928 aetatis
590 900 694 928 suae.

265 972 303 1016 [p
346 971 437 1014 322]
497 966 652 1020 Nuper
691 965 808 1007 enim
854 965 1072 1007 Martinus
1111 965 1292 1019 quintus
1331 980 1448 1020 papa
1493 966 1723 1007 Romanus
1768 965 1942 1018 scripsit

139 1045 370 1100 Episcopis
416 1046 547 1088 michi
594 1046 710 1087 notis
756 1052 805 1087 ut
845 1052 987 1087 certas
1022 1046 1360 1087 consuetudines
1400 1046 1539 1087 malas
1578 1052 1624 1087 et
1664 1051 1783 1087 certa
1822 1045 1942 1086 mala

138 1132 306 1168 statuta
335 1127 457 1181 regni
486 1126 661 1182 publice
692 1125 1072 1180 reprehenderent,
1102 1132 1148 1167 et
1177 1132 1331 1168 contra
1361 1140 1414 1168 ea
1442 1127 1732 1180 praedicarent
1762 1131 1808 1167 et
1838 1138 1943 1167 con-

116 1206 273 1248 -traria
305 1212 470 1249 statuta
505 1207 549 1248 in
589 1206 882 1261 parliamento
918 1207 1040 1260 regni
1080 1206 1255 1247 decerni
1290 1212 1336 1248 et
1370 1207 1504 1248 statui
1542 1206 1803 1247 laborarent.
1879 1205 1941 1246 Et

140 1286 245 1340 quia
272 1286 463 1341 episcopi
490 1300 570 1328 nec
595 1287 691 1328 haec
718 1286 915 1328 fecerunt
945 1299 1026 1328 nec
1052 1286 1148 1327 haec
1175 1286 1269 1327 ausi
1298 1286 1442 1328 facere
1471 1286 1645 1327 fuerunt
1675 1286 1794 1327 idem
1825 1299 1943 1340 papa

141 1366 360 1408 Martinus
398 1366 798 1408 excommunicavit
833 1380 908 1407 eos
949 1372 995 1407 et
1034 1365 1410 1420 archiepiscopum
1449 1365 1812 1407 cantuariensem
1847 1379 1943 1406 sus-

140 1446 296 1501 pendit
323 1460 352 1487 a
379 1460 460 1487 sua
489 1446 667 1501 legacia,
690 1460 777 1500 qua
807 1452 874 1487 est
904 1446 1078 1499 legatus
1108 1452 1239 1487 natus
1269 1446 1314 1486 in
1342 1446 1513 1500 Anglia
1539 1446 1618 1487 sed
1650 1459 1738 1486 non
1769 1445 1943 1499 legatus

142 1525 313 1568 missus.
389 1525 454 1568 Et
490 1532 598 1568 tunc
642 1526 835 1580 episcopi
882 1526 1090 1567 dixerunt
1130 1525 1260 1579 plane
1305 1527 1425 1579 quod
1467 1525 1699 1567 concilium
1737 1525 1944 1579 generale

143 1605 227 1648 suit
255 1619 387 1660 supra
416 1619 592 1661 papam,
621 1612 668 1647 et
696 1606 796 1647 ideo
827 1620 853 1647 a
884 1619 1000 1659 papa
1029 1605 1361 1660 appellaverunt
1391 1607 1449 1647 ad
1480 1606 1710 1647 consilium
1740 1605 1946 1660 generale

142 1686 350 1740 proximo
396 1693 497 1740 post
542 1692 647 1728 tunc
687 1686 1009 1733 celebrandum,
1050 1686 1251 1739 quamvis
1290 1685 1452 1739 pluries
1490 1693 1624 1728 antea
1663 1691 1945 1727 mutaverunt

143 1766 413 1808 sentenciam
456 1780 593 1818 suam,
634 1766 830 1808 dicentes
868 1766 988 1820 quod
1037 1765 1221 1819 quilibet
1267 1780 1386 1820 papa
1431 1773 1498 1807 est
1544 1779 1677 1820 super
1716 1765 1945 1807 consilium

145 1846 350 1900 generale
379 1852 427 1888 et
457 1846 563 1887 illud
595 1852 744 1900 potest
774 1847 833 1888 ad
870 1846 1044 1887 libitum
1078 1860 1207 1887 suum
1242 1846 1492 1897 dissolvere,
1524 1853 1573 1888 ut
1603 1846 1686 1900 ipsi
1721 1847 1945 1887 dixerunt.

147 1924 211 1966 Et
249 1925 367 1968 idem
406 1940 524 1980 papa
558 1926 777 1968 Martinus
811 1926 921 1967 obiit
955 1926 1067 1967 infra
1106 1926 1237 1968 breve
1276 1933 1464 1981 tempus,
1498 1934 1542 1968 et
1578 1927 1677 1968 ideo
1716 1940 1804 1967 non
1844 1925 1946 1966 tulit

123 1984 420 2048 ”sentenciam
450 2006 669 2048 interdicti
699 2020 836 2060 quarn
870 2006 1072 2060 promisit
1106 2020 1154 2048 se
1186 2005 1409 2048 illaturum
1448 2014 1598 2048 contra
1634 2020 1829 2060 regnum,
1864 2005 1945 2045 nisi

148 2090 271 2127 certa
297 2085 416 2128 mala
445 2092 491 2128 et
518 2092 688 2128 statuta
718 2086 1056 2128 reformarentur
1085 2087 1129 2127 in
1160 2100 1295 2141 regno
1323 2086 1515 2140 Angliae‚
1539 2093 1584 2127 et
1614 2100 1693 2127 rex
1727 2085 1946 2126 Henricus

151 2163 319 2206 Sextus
365 2171 471 2208 tunc
519 2166 601 2208 fuit
649 2167 695 2207 in
742 2173 877 2209 aetate
924 2166 1090 2220 puerili,
1128 2172 1173 2207 et
1220 2166 1571 2220 archiepiscopus
1622 2164 1946 2208 Cantuariensis

156 2243 373 2286 Henricus
408 2244 618 2287 Chichele
650 2247 806 2288 doctor
834 2247 944 2300 juris
989 2246 1126 2288 civilis
1166 2253 1211 2287 et
1250 2246 1344 2287 dux
1385 2246 1642 2287 Glocestriae
1685 2244 1947 2286 Humsridus

135 2323 423 2366 -Lancastriae
455 2326 529 2378 qui
568 2332 725 2379 postea
758 2333 976 2368 arestatus
1017 2326 1126 2367 obiit
1165 2326 1210 2366 in
1245 2326 1540 2367 Parliamento
1571 2325 1687 2367 villae
1723 2325 1779 2365 de
1813 2324 1947 2376 Byry‚

155 2404 201 2444 in
239 2416 328 2457 quo
367 2417 493 2457 paene
531 2405 652 2447 nulla
690 2406 981 2460 parliamento
1022 2406 1291 2460 pertinencia
1329 2405 1587 2460 agebantur,
1620 2412 1725 2446 tunc
1766 2415 1948 2456 regnum

154 2482 335 2536 Angliae
370 2483 664 2538 principaliter
697 2486 1005 2540 gubernabant
1037 2499 1137 2527 cum
1169 2485 1266 2527 aliis
1301 2486 1517 2540 episcopis
1549 2492 1593 2526 et
1624 2483 1813 2524 dominis
1844 2495 1948 2523 con-

156 2562 329 2604 ciliariis
358 2563 494 2615 regni.

273 2647 318 2691 [p.
353 2647 443 2691 3²4]
492 2640 567 2684 Sic
610 2645 801 2686 creditur
834 2645 930 2699 jam
970 2646 1090 2699 quod
1126 2646 1284 2687 diversi
1326 2652 1371 2687 et
1412 2644 1561 2698 magni
1602 2644 1646 2683 in
1680 2642 1848 2683 mundo
1888 2641 1951 2683 ita

157 2727 409 2764 averterunt
442 2735 490 2762 se
520 2736 548 2763 a
577 2722 761 2766 veritate
799 2726 920 2779 prius
958 2726 1022 2767 eis
1056 2726 1208 2779 agnita
1242 2725 1299 2767 ad
1334 2725 1584 2780 voluptates
1618 2736 1720 2763 suas
1756 2720 1951 2763 carnales

158 2808 204 2844 et
237 2802 294 2843 ad
328 2801 575 2842 mundanos
606 2801 794 2845 honores
830 2806 948 2859 quod
984 2812 1059 2847 aut
1098 2820 1196 2847 vera
1230 2803 1546 2847 consideranda
1579 2815 1666 2842 non
1703 2801 1951 2855 intelligunt

1039 2884 1070 2913 1)
