2456 3210
459 263 543 305 216
955 271 1087 306 LOCJ
1121 272 1160 306 E
1199 272 1365 307 LIBRO
1413 273 1759 313 VERJTATUM.

460 413 557 468 ‘qui
587 419 632 455 te
661 415 841 457 beatum
876 415 1038 469 dicunt,
1067 418 1150 471 ipsi
1181 423 1227 459 te
1259 418 1511 472 decipiunt.’
1571 419 1674 474 Ipse
1704 421 1820 463 enim
1848 421 2006 474 Pecok,
2033 424 2263 480 episcopus

459 493 759 546 Cicestrensis,
790 510 906 538 anno
944 497 1126 538 Domini
1166 498 1271 551 Jesu
1313 498 1547 541 millesimo
1578 505 1728 543 ccccm⁰
1760 502 2125 558 quinquagesimo
2164 518 2263 559 sep-

456 657 696 710 praesencia
729 656 823 698 xxti
855 657 974 699 milia
1003 657 1245 710 hominum,
1277 659 1480 701 inductus
1511 660 1556 702 in
1582 660 1738 704 habitu
1763 662 2014 718 episcopali,
2038 665 2096 707 ad
2126 665 2262 720 pedes

456 736 769 792 archiepiscopi
808 737 1137 780 Cantuariensis
1179 739 1346 781 domini
1382 739 1571 782 Thomae
1607 741 1788 794 Boucer‚
1824 749 1869 787 et
1909 745 2104 799 episcopi
2140 743 2261 787 Lon-

455 819 649 860 dinensis
699 819 863 874 Kemp,
905 826 949 862 et
1000 821 1193 874 episcopi
1246 821 1468 862 Roffensis
1518 810 1638 874 Low,
1687 823 1881 866 doctoris
1930 824 1974 866 in
2014 825 2260 880 Theologia

457 899 660 948 Oxoniae,
693 907 737 943 et
770 901 964 955 episcopi
1001 901 1326 953 Dunelmensis,
1354 901 1572 956 abjuravit
1605 903 1664 944 ibi
1697 904 1860 958 scripta
1891 919 1972 947 sua
2005 912 2051 948 et
2083 906 2259 949 conclu-

453 981 597 1022 siones
629 996 730 1023 suas
761 982 956 1036 scriptas,
978 981 1202 1036 abjuratas
1234 996 1312 1036 per
1343 996 1441 1023 eum
1472 983 1612 1036 pridie
1643 984 1687 1024 in
1718 985 1914 1027 manerio
1945 985 2258 1041 archiepiscopi

456 1060 781 1104 Cantuariensis
811 1063 868 1104 de
892 1062 1128 1112 Lamheth‚
1161 1063 1205 1103 in
1232 1063 1472 1117 praesencia
1504 1074 1561 1115 24
1589 1063 1819 1106 doctorum
1853 1065 1896 1105 in
1926 1065 2182 1120 Theologia,
2213 1073 2257 1108 et

452 1147 539 1183 tres
571 1157 756 1197 magnos
791 1142 926 1184 libros
958 1157 1061 1185 suos
1098 1156 1314 1192 erroneos,
1345 1156 1446 1184 cum
1479 1144 1683 1186 undecim
1716 1144 1812 1186 aliis
1845 1145 1889 1186 in
1917 1146 2142 1200 quaternis
2178 1161 2257 1188 ex-

452 1223 646 1275 istentes,
668 1224 849 1265 tradidit
880 1224 1055 1266 cuidam
1086 1224 1179 1265 viro
1209 1224 1396 1278 propriis
1428 1224 1642 1276 manibus,
1663 1225 1738 1279 qui
1769 1226 1859 1279 igni
1891 1226 2060 1281 ingenti
2090 1227 2254 1269 ibidem

450 1311 696 1358 praeparato
732 1305 1039 1355 committeret,
1071 1310 1115 1346 et
1146 1304 1208 1345 sic
1241 1303 1405 1346 factum
1437 1310 1542 1346 tunc
1577 1304 1658 1347 fuit
1691 1305 1934 1347 Londoniis
1966 1307 2010 1348 in
2042 1307 2254 1350 cimiterio

450 1384 644 1427 ecclesiae
673 1385 936 1427 cathedralis
961 1385 1223 1426 sanctissimi
1255 1385 1390 1435 Pauli,
1413 1385 1604 1439 apostoli
1631 1385 1738 1438 Jesu
1767 1386 1869 1437 Xti;
1901 1393 1946 1429 et
1971 1387 2087 1430 dixit
2114 1387 2252 1430 eciam

450 1466 567 1506 idem
609 1466 840 1520 episcopus
881 1466 1026 1507 Pecok
1067 1464 1254 1519 publice,
1295 1467 1306 1486 ‘
1328 1464 1546 1520 Superbia
1586 1479 1683 1507 mea
1733 1472 1779 1508 et
1818 1468 2109 1522 praesumpcio
2153 1481 2253 1510 mea

450 1546 719 1588 induxerunt
756 1561 827 1588 me
867 1548 912 1588 in
942 1546 1037 1588 haec
1075 1545 1193 1587 mala
1234 1551 1278 1587 et
1308 1545 1591 1600 opprobria;'
1633 1551 1677 1587 et
1711 1551 1867 1600 postea
1901 1546 2252 1602 archiepiscopus

451 1624 789 1678 Cantuariensis‚
818 1627 1017 1668 Thomas
1051 1627 1253 1678 Bourcer,
1285 1626 1513 1668 mandavit
1544 1639 1644 1668 eum
1675 1627 1731 1668 ad
1766 1626 2007 1676 Madiston,
2035 1627 2249 1680 judicium

449 1712 800 1760 expectaturum.
863 1708 952 1748 Iste
987 1706 1132 1749 Pecok
1166 1707 1409 1760 episcopus,
1440 1707 1515 1760 qui
1541 1706 1752 1748 Wallicus
1787 1706 1953 1760 origine
1987 1706 2080 1756 fuit,
2110 1721 2250 1762 quon-

448 1789 551 1828 dam
596 1788 738 1829 socius
783 1790 826 1828 in
868 1789 1052 1843 collegio
1094 1789 1150 1830 de
1188 1787 1309 1829 Oriel
1341 1788 1384 1828 in
1423 1787 1613 1838 Oxonia,
1647 1787 1820 1828 vocavit
1862 1787 1906 1827 in
1947 1788 2119 1842 scriptis
2160 1790 2248 1830 suis

447 1869 757 1922 praedicatores
778 1869 986 1923 puplicos,
1009 1869 1268 1910 clamatores
1298 1870 1340 1909 in
1362 1868 1556 1922 pulpitis,
1583 1869 1676 1922 ipse
1704 1868 1819 1909 enim
1849 1868 2079 1922 episcopus
2103 1869 2247 1911 Pecok

445 1958 593 1991 actum
616 1950 894 2003 praedicandi,
918 1957 1154 2003 postquam
1177 1950 1256 1991 fuit
1282 1950 1525 2003 episcopus,
1549 1962 1636 1990 non
1656 1948 1976 2002 frequentabat,
2000 1956 2044 1991 et
2068 1951 2246 2004 quando

446 2031 666 2072 revocavit
688 2030 985 2072 conclusiones
1011 2044 1112 2071 suas
1135 2044 1336 2072 erroneas
1358 2037 1402 2072 et
1422 2029 1648 2071 haereticas
1672 2029 1728 2070 ad
1751 2042 1923 2071 crucem
1947 2029 2097 2072 Sancti
2121 2030 2244 2072 Pauli

445 2111 634 2166 apostoli
674 2112 793 2152 fama
832 2111 924 2162 suit,
970 2112 1005 2152 si
1049 2111 1142 2165 ipse
1183 2110 1481 2152 descendisset
1526 2110 1583 2151 ad
1624 2110 1784 2163 ignem,
1829 2110 1872 2150 in
1913 2123 2000 2164 quo
2040 2110 2138 2152 libri
2178 2111 2243 2152 sui

444 2192 824 2243 comburebantur,
845 2191 1035 2246 populus
1066 2192 1124 2232 ibi
1155 2205 1255 2233 eum
1280 2190 1532 2245 projecisset
1559 2190 1603 2230 in
1629 2189 1751 2229 illum
1780 2190 1941 2243 ignem.
1987 2189 2027 2233 O
2050 2190 2243 2232 Domine

445 2271 594 2314 Deus!
636 2274 736 2327 ‘qui
771 2272 954 2326 posuisti
996 2278 1169 2324 terram,
1205 2272 1429 2325 quondam
1465 2268 1743 2321 fructiferam,
1779 2270 1823 2310 in
1860 2270 2127 2324 salsuginem
2162 2284 2241 2325 pro

445 2355 618 2397 malicia
648 2353 947 2396 habitancium
976 2353 1019 2393 in
1048 2352 1122 2402 ea,’
1156 2353 1221 2393 ΡΟ.
1241 2351 1333 2399 106,
1356 2357 1404 2393 tu
1434 2352 1516 2393 scis
1547 2350 1706 2402 omnia,
1735 2357 1782 2393 tu
1804 2351 1920 2393 enim
1941 2352 2024 2394 scis
2054 2352 2241 2406 qualiter

444 2437 526 2478 iste
562 2437 679 2477 idem
712 2433 855 2476 Pecok
889 2433 1118 2487 episcopus
1152 2432 1414 2487 vituperavit
1450 2437 1494 2473 et
1530 2430 1708 2485 indigne
1743 2432 2012 2486 appreciavit
2047 2432 2165 2474 dicta
2195 2438 2239 2475 et

442 2517 605 2570 scripta
639 2521 888 2557 sanctorum
924 2514 1154 2555 doctorum
1188 2513 1339 2555 Sancti
1374 2511 1597 2566 Jeronimi,
1632 2511 1783 2554 Sancti
1813 2512 2051 2563 Ambrosii,
2084 2511 2237 2555 Sancti

443 2596 696 2651 Augustini,
729 2596 881 2638 Sancti
913 2594 1108 2649 Gregorii
1148 2608 1289 2649 papae,
1325 2600 1370 2636 et
1409 2592 1592 2634 aliorum
1633 2599 1883 2635 sanctorum
1916 2598 1960 2635 et
1995 2593 2236 2644 doctorum,

442 2678 559 2718 unde
585 2678 678 2731 ipse
704 2677 975 2730 vituperator
999 2674 1171 2716 illorum
1197 2680 1447 2717 sanctorum
1474 2673 1629 2714 merito
1653 2673 1983 2728 vituperabatur
2009 2687 2036 2715 a
2058 2672 2236 2714 milibus

442 2758 683 2807 hominum,
714 2763 759 2799 et
794 2771 888 2811 ego,
917 2762 1098 2798 vocatus
1130 2756 1339 2810 magister
1367 2753 1565 2795 Thomas
1598 2751 1856 2808 Gascoigne,
1889 2754 2046 2796 doctor
2084 2752 2232 2795 Theo-

442 2838 583 2891 logiae,
607 2845 650 2880 et
676 2837 960 2880 cancellarius
984 2836 1185 2887 Oxoniae,
1208 2835 1338 2878 credo
1361 2834 1541 2877 firmiter
1562 2836 1679 2888 quod
1703 2835 1796 2889 ipse
1816 2834 2047 2889 episcopus
2073 2832 2232 2883 Pecok,
