2456 3210
457 263 535 307 152
950 256 1083 298 [σε]
1118 263 1157 297 E
1196 257 1361 299 LIBRO
1408 255 1608 299 VER'JTA
1618 255 1752 302 TUM.-

452 397 627 445 noticiae'
662 405 736 455 r'ei,
770 406 875 458 quin
913 405 1082 460 indiget
1117 407 1300 448 audiens
1336 399 1638 449 dec‘laracione
1673 408 1733 449 rei
1775 400 2041 461 significatae,
2075 409 2260 464 propter-⁴

451 484 835 538 equivocac'ionem
863 485 997 535 verbi,
1020 492 1200 540 propter
1229 487 1368 528 eciam
1400 481 1639 541 sequelam,
1668 501 1756 541 qua
1786 489 1983 542 sequitur
2012 489 2091 531 tali
2121 489 2254 544 signi-

451 564 659 606 ficacione
685 566 929 617 verborum,
955 566 1057 620 quia
1085 567 1211 609 aliter
1236 567 1369 608 verba
1401 581 1520 621 saepe
1547 567 1851 622 acciperentur
1877 574 2029 610 contra
2057 576 2253 611 mentem

450 645 651 695 auctoris,
685 651 730 687 et
769 650 920 687 contra
959 646 1192 689 veritatem
1229 648 1289 688 rei
1331 639 1631 702 intelligibilis.
1704 648 1832 699 Item,
1868 649 2008 691 sancti
2050 650 2257 692 doctores·

449 726 583 767 verba
614 717 694 767 Xti
725 732 1035 781 exposuerunt,
1066 734 1111 769 et
1142 729 1261 769 Xtus
1296 728 1358 770 sic
1388 728 1539 780 voluit,
1572 734 1617 770 et
1651 727 1735 770 h'oc
1772 729 2045 783 significavit,
2075 731 2252 784 quando

450 806 577 857 dixit,
598 806 709 860 ‘Qui
730 806 865 849 habet
894 819 1022 850 aures
1051 808 1257 850 audiendi
1285 808 1462 858 audiat,'
1484 809 1509 850 i.
1525 823 1562 850 e.
1584 809 1659 862 qui
1686 808 1821 851 habet
1842 810 2007 850 donum
2037 811 2096 851 ad
2124 810 2253 853 intel-·

449 885 674 940 ligendum
703 887 837 929 verba
866 897 976 939 mea,
999 882 1166 930 eisdem
1196 895 1324 930 vacet
1354 881 1662 943 intelligendis.
1724 881 1852 940 I'tem,
1876 890 2024 944 magni
2050 891 2254 933 doctores

448 973 493 1008 et
534 968 809 1021 expositores
844 969 978 1010 verba
1018 969 1196 1023 papalia
1233 975 1535 1024 exposuerunt
1574 983 1706 1024 super
1742 970 1944 1022 Decreta,
1984 971 2251 1022 Decretales',

449 1046 653 1098 Sextum,
674 1039 790 1102 Vijm,
812 1055 856 1091 et
885 1063 1017 1104 super
1045 1050 1414 1104 Extravagancia‚
1437 1057 1482 1092 et
1510 1051 1658 1105 magni
1686 1064 1815 1105 papae
1835 1043 1932 1093 hoc’
1949 1051 2042 1093 fieri
2069 1057 2251 1106 optave-

447 1135 563 1170 runt.
624 1129 752 1180 Iter‘n,
788 1141 906 1184 papa
938 1144 1058 1184 saepe
1090 1131 1203 1173 fallit
1236 1137 1281 1173 et
1314 1131 1490 1181 fallitur,
1526 1145 1630 1185 ergo
1667 1131 1712 1172 in
1745 1145 1833 1185 quo
1869 1131 1981 1174 fallit
2013 1138 2057 1174 et
2089 1131 2257 1174 fallitur‘

448 1210 810 1262 manifestaretur,
831 1217 880 1252 ut
907 1211 1068 1252 veritas
1101 1218 1405 1265 cognoscatur.
1466 1204 1569 1253 Non
1595 1217 1691 1253 tum
1720 1211 1956 1253 dicen-dum
1986 1218 2063 1263 est,
2087 1222 2252 1267 papam

447 1289 490 1330 in
520 1290 664 1331 verbis
695 1291 784 1332 suis
816 1291 1056 1333 intendisse
1086 1292 1224 1333 talem
1254 1292 1325 1333 vel
1360 1292 1496 1334 talem
1531 1306 1720 1341 sensum,
1751 1292 1787 1333 si
1819 1306 1936 1346 papa
1967 1293 2098 1344 dicat,
2129 1287 2251 1347 quod'

445 1370 633 1423 ipsemet
654 1380 771 1425 papa
793 1372 943 1413 dicens
966 1372 1040 1413 illa
1060 1373 1192 1414 verba
1214 1372 1474 1414 intendebat
1495 1373 1757 1415 contrarium
1779 1385 1968 1414 sensum.
2029 1373 2100 1414 De
2121 1373 2254 1414 rebus

447 1463 556 1503 quas
590 1452 725 1493 verba
759 1465 887 1506 papae
924 1452 1185 1506 significa-nt,
1222 1454 1375 1507 pocius
1411 1454 1692 1495 tractandum
1727 1458 1794 1494 est
1830 1460 1965 1507 quam
2002 1454 2059 1494 de
2093 1453 2249 1496 verbis.

448 1530 554 1572 Post
582 1538 770 1573 mortem
804 1533 932 1584 enim,
959 1533 1054 1574 sine
1086 1534 1313 1574 nominum
1347 1534 1565 1588 dignitate
1592 1533 1686 1575 sola
1718 1533 1933 1574 ducentur
1960 1532 2146 1586 ingenia,
2168 1546 2250 1575 nec

447 1610 741 1654 considerabit
770 1614 843 1666 qui
872 1614 1063 1655 lecturus
1092 1620 1170 1663 est,
1194 1614 1329 1668 cujus,
1350 1615 1428 1656 sed
1457 1614 1587 1668 quale
1616 1614 1673 1655 sit
1697 1613 1816 1667 quod
1841 1612 2034 1654 lecturus
2059 1619 2137 1664 est,
2157 1613 2253 1655 sive·

447 1690 688 1745 episcopus,
710 1693 799 1733 sive
827 1693 975 1743 laicus,
998 1695 1060 1735 sic
1091 1695 1330 1748 imperator
1358 1701 1403 1736 et
1431 1695 1635 1736 dominus
1658 1725 1667 1734 .
1691 1726 1700 1735 .
1724 1724 1734 1733 .
1756 1693 1877 1747 Papa·
1904 1694 2020 1734 enim
2051 1693 2249 1735 consulte

447 1778 623 1813 revocat
661 1772 898 1814 instructus
935 1773 1090 1827 majori
1126 1774 1321 1824 scientia,
1353 1775 1473 1828 quod
1510 1773 1757 1815 inconsulte
1786 1772 1981 1822 asseruit,
2014 1778 2059 1814 et
2097 1773 2251 1815 incon:

446 1851 560 1893 sulte
577 1853 804 1894 concessit.
863 1854 953 1895 Ubi
976 1855 1093 1895 enirn
1115 1855 1159 1895 in
1181 1855 1359 1896 homine
1380 1855 1576 1897 sanccior
1596 1860 1662 1895 est
1682 1854 1783 1902 vita,
1802 1852 2018 1895 miraculis
2039 1853 2248 1895 divinitus

445 1931 571 1973 factis
602 1932 872 1982 confirmata,
896 1940 938 1974 et
971 1934 1044 1974 ubi
1078 1941 1143 1976 est
1175 1936 1218 1975 in
1249 1937 1406 1977 eodem
1441 1934 1580 1988 major
1608 1934 1796 1988 Spiritus
1831 1932 1983 1975 Sancti
2011 1934 2169 1986 gracia,
2202 1939 2248 1976 et

446 2011 586 2065 major
614 2013 810 2061 sciencia,
839 2013 881 2052 in
911 2014 1067 2054 eodem
1100 2022 1167 2056 est
1199 2015 1338 2069 major
1367 2015 1604 2057 auctoritas
1633 2015 1678 2054 in·
1707 2014 1928 2066 scripturis
1959 2014 2246 2067 exponendis,

445 2098 489 2134 et
526 2092 830 2146 explanandis,
863 2094 940 2134 sed
977 2108 1062 2134 non
1097 2095 1139 2135 in
1176 2096 1317 2136 causis
1351 2095 1616 2137 decidendis.
1681 2092 1756 2134 Ad
1795 2093 1983 2146 primum
2018 2093 2247 2148 requiritur

445 2186 606 2226 magna
641 2173 834 2222 scientia,
872 2174 928 2214 ad
970 2174 1087 2215 aliud
1126 2176 1385 2229 requisitum
1421 2188 1520 2217 cum
1562 2186 1704 2215 causae
1745 2174 2011 2227 cognicione,
2047 2180 2245 2227 potestas

439 2252 681 2305 judiciaria,
713 2267 813 2307 quae
844 2254 1043 2296 consistit
1075 2256 1118 2296 in
1149 2262 1374 2309 potestate
1404 2254 1696 2309 cognoscendi
1728 2267 1916 2305 causam,
1949 2260 1994 2296 et
2023 2254 2068 2294 in
2098 2260 2245 2308 potes-

442 2339 536 2375 tate
567 2334 866 2375 sentenciandi
898 2334 954 2375 de
985 2348 1116 2377 causa-
1147 2337 1334 2389 cogn-ita,
1355 2342 1404 2377 ut
1432 2334 1626 2377 ostendit
1654 2335 1809 2375 doctor
1837 2334 2008 2376 subtilis
2035 2334 2246 2388 magister

443 2413 670 2465 Johannes
705 2414 834 2455 Duns
870 2414 914 2454 in
950 2414 1029 2467 iiij⁰
1060 2415 1170 2456 libro
1202 2415 1543 2463 Sententiarum,
1576 2414 1719 2468 operis
1750 2415 1815 2455 sui
1853 2414 2133 2464 Oxoniensis,
2166 2427 2244 2455 ex-

444 2494 666 2547 posicione
701 2495 758 2536 de
798 2493 1069 2536 confessione
1103 2495 1422 2538 sacramentali.
1487 2495 1638 2536 Unum
1676 2494 1794 2535 enim
1830 2494 1995 2536 malum
2032 2507 2242 2548 magnum

444 2574 639 2616 ecclesiae
676 2576 898 2617 modernae
935 2582 1001 2616 est
1032 2574 1128 2624 hoc,
1164 2577 1283 2629 quod
1314 2575 1557 2616 secundum
1587 2573 1752 2616 famam
1785 2587 2066 2616 communem
2101 2573 2243 2614 homi*

445 2667 522 2694 nes
555 2655 611 2696 de
651 2655 769 2696 curia
810 2668 950 2709 papae,
982 2661 1025 2695 et
1067 2668 1194 2709 papae
1235 2655 1501 2703 assistentes,
1533 2654 1677 2708 ipsum
1711 2668 1873 2709 papam
1906 2653 2080 2708 publice
2111 2653 2243 2694 inter-

445 2733 573 2775 ficere
593 2735 759 2786 volunt,
780 2735 849 2776 vel
871 2734 1041 2776 occulte
1062 2748 1139 2787 per
1160 2734 1537 2783 intoxicacionem,
1562 2734 1641 2775 nisi
1663 2748 1779 2788 papa
1798 2734 1983 2776 voluerit
2003 2733 2242 2775 concedere

445 2813 745 2856 ordinaciones
781 2815 892 2856 tales
929 2814 1031 2864 fieri,
1066 2828 1123 2855 ex
1156 2815 1313 2867 quibus
1351 2818 1592 2867 sequuntur
1627 2814 1746 2856 lucra
1780 2813 2082 2855 assistentibus
2113 2824 2241 2866 papae
