2456 3210
690 327 825 362 LOCI
857 327 897 362 E
934 327 1102 363 LIBRO
1147 327 1491 364 VERJTATUM.
1912 330 1990 360 201

192 473 389 516 fecerunt
421 473 526 527 quia
555 473 708 523 bonos,
736 481 924 525 sanctOS,
955 480 1000 516 et
1029 473 1219 516 scientes
1253 473 1549 523 excluserunt,
1580 485 1636 514 ne
1670 477 1819 514 essent
1848 471 1995 525 ponti-

193 553 307 605 fices,
338 567 394 595 ne
423 553 579 608 aliquis
609 567 760 595 eorum
790 553 957 596 ibidem
986 553 1202 608 pontifex,
1235 560 1281 596 et
1309 553 1394 597 hoc
1424 560 1475 596 ut
1503 553 1558 595 lis
1587 552 1826 608 corporalis
1857 551 1995 594 evita-

193 640 325 676 retur.
386 633 513 685 Item,
547 634 814 676 detrimenta
853 634 1047 689 pessima
1076 633 1274 677 fecerunt
1307 635 1392 677 toti
1432 634 1596 676 diocesi
1632 632 1903 682 Menevensi‚
1942 645 1996 673 eo

194 714 314 768 quod
344 713 481 755 talem
512 714 767 768 episcopum
795 715 858 756 eis
887 715 1080 757 ordinari
1109 721 1463 769 procuraverunt,
1482 715 1559 769 qui
1589 727 1670 756 nec
1700 713 1819 755 mala
1846 712 1999 755 debite

194 795 435 836 eradicaret
475 808 555 836 nec
598 794 750 837 debita
792 809 928 850 opera
970 795 1203 850 plantaret.
1278 796 1406 848 Item,
1447 794 1706 850 exemplum
1751 793 1995 848 pessimum

193 875 283 916 suis
323 875 510 928 posteris
546 875 796 929 relinquunt
837 883 886 918 ut
926 876 1211 918 consimiliter
1250 877 1365 919 male
1401 876 1595 919 facerent
1633 875 1876 918 secundum
1915 887 1994 916 ex-

194 954 342 1010 empla
371 955 576 1008 priorum.

309 1041 359 1086 [p.
392 1040 485 1084 567]
541 1037 722 1077 nector.
796 1036 914 1077 Novi
955 1037 1071 1078 enim
1107 1036 1203 1091 jam
1246 1037 1291 1078 in
1332 1036 1515 1079 ecclesia
1553 1036 1685 1078 valde
1723 1035 1911 1077 viciosos
1949 1040 1996 1076 et

194 1115 338 1158 fatuos
365 1130 425 1157 ex
453 1116 682 1158 nativitate
707 1116 907 1165 exaltari,
930 1117 993 1159 ita
1013 1118 1132 1171 quod
1161 1131 1273 1159 unus
1299 1117 1436 1160 habet
1463 1124 1636 1172 septem
1660 1116 1923 1172 praebendas
1950 1120 1997 1157 et

197 1209 405 1250 magnum
420 1195 823 1239 archidiaconatum
839 1203 1016 1239 centum
1037 1197 1256 1249 librarum,
1273 1204 1319 1240 et
1339 1212 1564 1252 nunquam
1580 1211 1659 1252 per
1671 1197 1840 1251 viginta
1855 1208 1996 1237 annos

193 1277 388 1330 aliquam
418 1289 568 1318 earum
598 1277 884 1331 personaliter
908 1278 1131 1329 visitavit;
1171 1278 1250 1320 sed
1280 1292 1392 1320 unus
1421 1279 1497 1331 vir,
1525 1285 1689 1333 nuptus
1718 1284 1765 1320 et
1793 1277 1994 1331 armiger,

195 1357 346 1398 omnia
372 1357 491 1398 bona
516 1357 852 1411 praebendarum
878 1364 923 1400 et
951 1358 1332 1402 archidiaconatus
1362 1358 1478 1401 illius
1506 1358 1738 1401 annuatim
1766 1357 1923 1412 recipit
1949 1362 1995 1398 et

195 1450 347 1479 secum
373 1437 532 1480 retinet
558 1444 604 1479 et
630 1437 767 1480 habet
792 1453 859 1479 xx
881 1438 1013 1480 libras
1033 1439 1234 1481 annualis
1254 1439 1476 1494 pensionis
1501 1453 1529 1481 a
1549 1438 1732 1494 praefato
1752 1437 1916 1489 stult03
1949 1443 1996 1480 et

194 1517 307 1560 alius
336 1518 541 1561 secularis
570 1518 706 1561 habet
737 1534 770 1561 x
800 1520 947 1569 libras,
969 1526 1014 1562 et
1041 1520 1151 1561 alius
1181 1520 1387 1562 secularis
1414 1520 1552 1563 habet
1578 1534 1613 1561 x
1642 1519 1787 1571 libras,
1807 1524 1853 1561 et
1882 1518 1996 1561 alius

194 1599 397 1640 secularis
412 1613 445 1640 x
461 1600 605 1651 libras-5
622 1606 667 1642 et
681 1600 793 1642 alius
809 1601 1058 1642 mundanus
1078 1607 1256 1643 centum
1277 1601 1465 1652 solidos;
1486 1608 1532 1643 et
1551 1601 1646 1656 ipse
1665 1600 1836 1642 nullum
1857 1599 1995 1642 dena-

195 1680 308 1721 rium
328 1680 475 1732 habet,
495 1682 576 1722 nisi
603 1682 844 1723 secundum
866 1682 1142 1724 voluntatem
1158 1682 1356 1736 praedicti
1375 1682 1592 1735 secularis,
1613 1682 1688 1736 qui
1708 1681 1858 1723 omnia
1876 1681 1996 1723 bona

194 1760 364 1815 praesati
394 1761 687 1803 archidiaconi
727 1762 890 1815 recipit,
922 1769 969 1804 et
1007 1762 1151 1816 ipsum
1183 1762 1540 1805 archidiaconum
1573 1762 1778 1804 exhibuit
1812 1775 1892 1816 per
1926 1775 1995 1802 xx

195 1854 336 1882 annos
357 1842 402 1883 in
429 1842 565 1883 domo
594 1842 774 1884 alterius
793 1844 851 1884 ad
881 1856 1138 1884 communas
1168 1843 1482 1886 ebdomadales
1502 1842 1626 1897 xvj‘¹;
1658 1850 1703 1885 et
1730 1843 1889 1894 audivi,
1910 1855 1995 1896 ego

196 1921 351 1962 doctor
370 1928 414 1963 et
435 1922 652 1976 professor
672 1936 806 1964 sacrae
828 1923 1013 1976 paginae,
1035 1923 1225 1965 eundem
1246 1924 1602 1967 archidiaconum
1622 1924 1855 1973 dicentem,
1877 1936 1995 1965 anno

199 2001 379 2042 Domini
405 2013 540 2053 1440:
571 2003 700 2044 ‘Non
730 2017 833 2045 curo
860 2004 915 2044 de
944 2003 1208 2055 clerimonia‚
1229 2018 1312 2058 ego
1340 2005 1457 2047 enim
1487 2004 1657 2060 majora
1685 2005 1829 2047 habeo
1858 2016 1993 2058 quam

199 2082 347 2135 magni
386 2083 599 2135 doctores,
639 2091 684 2126 et
724 2099 807 2138 ego
847 2085 978 2126 credo
1023 2085 1085 2125 ita
1123 2084 1238 2126 bene
1280 2085 1392 2127 sicut
1435 2085 1526 2137 illi;
1574 2087 1707 2129 credo
1747 2084 1865 2126 enim
1905 2090 1994 2125 tres

200 2162 322 2204 Deos
353 2177 449 2206 esse
483 2164 528 2205 in
557 2179 645 2206 una
674 2179 872 2219 persona,
901 2172 946 2206 et
980 2165 1115 2207 credo
1150 2165 1359 2220 quicquid
1391 2167 1513 2208 Deus
1545 2166 1711 2209 credit.'
1772 2166 1886 2207 Haec
1915 2164 1993 2206 ab·

199 2243 330 2284 surda
360 2256 458 2297 ego,
480 2243 774 2287 Cancellarius
795 2245 998 2296 Oxoniae‚
1022 2245 1169 2287 audivi
1198 2246 1485 2299 personaliter
1513 2247 1570 2289 ab
1599 2261 1675 2288 ore
1704 2245 1810 2299 ejus.
1870 2245 1993 2286 Deus

200 2323 281 2364 scit
310 2323 429 2376 quod
457 2337 545 2365 non
575 2325 781 2368 mencior.
839 2325 901 2367 Et
931 2332 1026 2367 tum
1058 2339 1141 2379 ego
1172 2326 1272 2367 novi
1303 2328 1422 2381 quod
1448 2327 1543 2381 jam
1572 2329 1615 2369 in
1644 2327 1790 2368 studio
1821 2324 1993 2367 Oxoni-

200 2403 294 2444 ensi
333 2403 455 2444 stetit
497 2417 608 2445 unus
646 2405 813 2455 doctor,
854 2405 1088 2460 theologus
1133 2406 1176 2447 in
1218 2406 1396 2450 Oxonia
1435 2407 1548 2450 ultra
1588 2407 1713 2460 xxiiij
1755 2419 1906 2455 annos,
1947 2410 1994 2446 et

201 2483 283 2524 fuit
323 2496 477 2537 regens
516 2484 561 2524 in
600 2498 724 2527 sacra
752 2485 998 2540 Theologia
1037 2500 1117 2540 per
1155 2499 1294 2528 annos
1326 2487 1389 2541 xij
1432 2488 1608 2537 ibidem,
1643 2494 1687 2528 et
1726 2492 1883 2540 postea
1924 2484 1994 2526 bis

201 2562 485 2605 cancellarius
520 2562 711 2605 Oxoniae
745 2572 791 2607 et
821 2572 889 2607 ter
919 2566 979 2607 ibi
1013 2565 1178 2607 electus
1210 2566 1254 2607 in
1286 2566 1394 2609 illud
1428 2568 1630 2614 officium,
1665 2572 1709 2607 et
1744 2565 1906 2607 creavit
1936 2572 1992 2618 35

200 2643 404 2684 doctores
441 2655 575 2684 sacrae
614 2644 798 2698 paginae,
837 2651 883 2687 et
921 2652 1083 2697 tamen,
1113 2659 1140 2687 a
1170 2645 1380 2700 principio
1419 2648 1571 2689 mundi
1612 2659 1749 2699 usque
1789 2645 1834 2686 in
1873 2644 1992 2686 diem

201 2722 510 2776 resignacionis
536 2722 642 2765 dicti
668 2724 1012 2776 cancellariatus,
1034 2740 1258 2780 nunquam
1284 2727 1440 2782 aliquis
1468 2728 1708 2782 episcopus,
1730 2739 1810 2767 nec
1839 2725 1991 2774 abbas,

204 2816 283 2844 nec
322 2802 480 2856 aliquis
518 2803 784 2857 temporalis,
815 2806 975 2860 optulit
1015 2807 1097 2848 sibi
1136 2806 1330 2861 aliquam
1363 2808 1590 2851 ecclesiam
1630 2820 1730 2848 cum
1769 2819 1872 2848 cura
1910 2819 1992 2848 nec

202 2883 296 2924 sine
326 2896 428 2925 cura
454 2883 710 2935 animarum,
734 2898 813 2927 nec
840 2887 1137 2938 praebendam,
1162 2901 1243 2929 nec
1273 2889 1500 2943 capellam,
1521 2893 1710 2941 excepto
1736 2899 1825 2928 uno
1854 2885 1993 2929 milite

1054 2964 1086 2996 D
1108 2956 1137 2997 d
