2456 3210
610 244 742 280 LOCI
775 244 814 279 E
851 243 1018 279 LIBRO
1066 243 1410 280 VERITATUM.
1852 239 1905 293 85

101 388 270 444 judicat
303 395 349 430 et
384 388 638 437 sentencia&
678 389 782 442 quia
816 394 892 429 tua
926 388 1150 429 sentencia
1185 388 1421 430 conformis
1457 395 1572 431 esset
1608 386 1709 431 cum
1748 390 1908 432 divina.

105 470 219 512 Haec
251 469 443 512 Sanctus
473 468 643 510 Bedam
674 466 783 525 (sic),
821 481 955 522 opere
985 482 1066 510 suo
1095 481 1228 522 super
1250 468 1396 511 Actus
1422 469 1743 524 Apostolorum
1774 471 1908 512 misso

102 550 271 592 Sancto
296 548 444 600 Accae,
474 549 683 604 episcopo
713 547 1100 602 Augustaldensis,
1131 549 1159 589 i.
1177 563 1215 591 e.
1246 548 1440 601 Exham,
1472 564 1571 604 quae
1603 557 1668 592 est
1699 551 1743 592 in
1777 551 1910 593 Boria

101 630 296 685 Angliae.
359 629 521 684 Quaere
556 642 661 683 ergo
693 628 929 682 diligenter
963 642 1064 671 cum
1101 629 1272 684 Moyse,
1304 631 1360 671 ad
1398 631 1576 672 archam
1608 645 1742 673 sacrae
1774 633 1909 686 scrip-

102 716 225 761 turae,
251 723 352 764 quae
384 710 442 751 sit
474 708 679 751 voluntas
710 709 796 750 Dei
830 709 948 750 bona
978 715 1024 751 et
1053 709 1259 764 perfecta,
1290 717 1339 753 ut
1369 710 1572 754 absolvas
1601 726 1735 767 quem
1768 713 1910 755 credis

104 790 289 845 dignum
324 803 351 831 a
387 789 487 831 Deo
517 789 715 839 absolvi3
746 795 793 831 et
823 803 971 843 quaere
1000 804 1027 831 a
1057 791 1305 844 poenitente
1334 797 1499 833 statum
1530 806 1621 834 suae
1653 793 1910 843 voluntatis,

104 883 162 911 an
195 870 302 912 velit
336 870 546 912 ammodo
582 883 670 911 non
701 883 895 923 peccare,
933 877 979 912 et
1007 884 1065 911 an
1093 884 1197 912 vere
1226 871 1333 914 velit
1363 880 1408 914 et
1438 873 1644 927 proponit
1674 880 1798 915 actus
1833 875 1911 916 de-

105 951 224 992 bitos
254 950 407 1001 facere,
441 963 554 1004 quos
592 956 767 992 tenetur
801 949 946 992 facere
979 951 1222 992 secundum
1262 952 1540 1007 exigenciam
1581 955 1749 1008 peccati
1791 956 1911 1008 quod

105 1030 220 1082 fecit,
252 1036 298 1072 et
335 1029 575 1072 secundum
609 1029 886 1084 exigenciam
923 1031 1053 1073 officii
1093 1032 1159 1073 sui
1194 1039 1240 1074 et
1275 1046 1486 1087 personae,
1525 1034 1629 1088 quia
1669 1036 1911 1077 secundum

104 1110 406 1152 diversitatem
445 1109 587 1164 culpae
619 1116 687 1152 est
726 1111 877 1152 debita
909 1112 1139 1154 diversitas
1171 1119 1297 1155 actus
1336 1113 1626 1156 satisfactorii.
1703 1115 1913 1158 Infundat

105 1191 291 1246 quisque
329 1192 428 1246 pius
458 1191 681 1233 confessor
717 1192 867 1233 vinum
911 1199 955 1234 et
995 1193 1154 1245 oleum,
1194 1194 1221 1236 i.
1238 1209 1280 1236 e.
1319 1195 1529 1237 ostendat
1567 1203 1692 1238 actus
1722 1195 1912 1249 justiciae

106 1271 281 1323 debitae,
313 1277 359 1313 et
388 1277 514 1313 actus
549 1272 869 1324 misericordiae,
906 1272 1089 1315 infinitae
1123 1274 1336 1316 bonitatis
1372 1275 1469 1326 Dei,
1505 1276 1580 1329 qui
1622 1290 1730 1320 mox
1771 1277 1914 1319 aufert

107 1352 369 1406 iniquitates,
399 1353 538 1394 donat
568 1354 757 1401 veniam,
799 1354 917 1394 dona
956 1354 1126 1397 confert
1164 1356 1366 1409 gratuite,
1400 1362 1445 1397 et
1485 1356 1602 1398 mala
1640 1357 1786 1411 priora
1825 1372 1914 1400 non

108 1433 390 1487 improperat,
426 1440 472 1475 et
502 1447 615 1488 quos
649 1435 810 1476 abduci
846 1436 890 1475 in
925 1435 997 1498 via
1031 1435 1221 1477 ducente
1255 1436 1313 1478 ad
1353 1436 1514 1478 inferos
1550 1437 1670 1491 juste
1701 1441 1911 1492 permisit,

107 1513 191 1555 hos
217 1514 419 1568 gratuite,
443 1528 543 1557 cum
562 1515 668 1564 vult,
692 1522 737 1558 et
767 1516 1169 1558 misericordissime
1199 1516 1243 1558 in
1264 1517 1345 1558 viis
1366 1517 1464 1569 Dei,
1484 1518 1511 1559 i.
1529 1532 1565 1559 e.
1587 1519 1633 1560 in
1657 1533 1792 1574 opera
1814 1520 1914 1562 Deo

107 1594 333 1649 placentes
360 1593 456 1652 (sic)
486 1596 666 1646 reducit,
695 1603 740 1638 et
769 1611 917 1639 secum
949 1598 993 1638 in
1023 1604 1286 1652 perpetuum
1317 1605 1509 1649 coronat,
1541 1606 1586 1641 et
1614 1601 1676 1642 sic
1706 1603 1716 1622 ‘
1732 1602 1914 1643 deducis

108 1675 168 1716 ad
193 1675 354 1718 inferos
383 1683 428 1718 et
454 1675 651 1728 reducis‚’
680 1677 822 1732 inquit
841 1677 993 1727 Anna,
1020 1680 1164 1732 primo
1186 1679 1362 1734 Regum
1386 1685 1457 1731 2⁰3
1492 1695 1594 1722 vera
1624 1683 1739 1723 enim
1772 1684 1914 1736 poeni-

111 1756 255 1797 tencia
284 1762 352 1798 est
380 1755 690 1799 abhominacio
722 1759 892 1811 peccati
929 1772 1030 1800 cum
1064 1766 1170 1800 voto
1205 1761 1400 1811 cavendi,
1431 1761 1680 1813 confitendi,
1712 1771 1757 1804 et
1787 1764 1914 1804 satis-

112 1834 313 1886 faciendi,
354 1843 405 1879 ut
443 1843 634 1880 testatur
672 1838 889 1893 Magister
932 1839 1150 1881 Ricardus
1190 1841 1246 1882 de
1288 1840 1455 1884 Sancto
1493 1842 1685 1894 Victore,
1716 1844 1761 1884 in
1801 1844 1915 1885 libro

111 1928 193 1957 suo
217 1915 288 1958 De
316 1923 540 1971 potestate
569 1918 824 1961 absolvendi
854 1926 899 1961 et
928 1920 1142 1962 retinendi
1172 1928 1366 1976 peccata.
1429 1923 1551 1966 Inter
1579 1931 1738 1967 caetera
1768 1940 1912 1980 opera,

112 1994 333 2038 confessor
360 1999 580 2053 praecipue
606 2000 857 2041 attenderet
884 2013 963 2054 per
992 2001 1188 2043 raciones
1218 2009 1264 2044 et
1293 2004 1553 2058 scripturam
1584 2019 1764 2057 sacram,
1794 2007 1913 2059 quod

113 2076 336 2119 sentencia
355 2090 434 2120 sua
459 2079 503 2120 in
531 2079 718 2122 dicendo
750 2088 795 2122 et
823 2081 867 2121 in
887 2081 1157 2124 absolvendo
1184 2083 1529 2127 conformaretur
1551 2086 1718 2139 judicio
1745 2086 1913 2136 divin0;

113 2155 226 2197 sicut
265 2155 493 2210 ignorante
529 2159 659 2201 Petro
702 2161 905 2215 apostolo
942 2161 1140 2203 Gentiles
1172 2165 1396 2206 vocandos
1426 2179 1522 2207 esse
1555 2167 1613 2207 ad
1649 2166 1783 2207 fidem
1819 2166 1913 2215 Xti,

115 2242 161 2277 et
189 2235 288 2289 ipso
313 2235 539 2289 judicante
558 2239 759 2282 Gentiles
789 2255 886 2282 esse
916 2242 1179 2294 immundos,
1199 2243 1389 2286 finaliter
1406 2259 1496 2286 vox
1527 2246 1584 2286 de
1614 2244 1726 2287 coelo
1749 2245 1915 2287 Sancto

116 2314 247 2356 Petro
284 2318 485 2370 apostolo
513 2319 630 2362 facta
659 2327 739 2370 est,
776 2321 976 2363 Actuum
1006 2322 1179 2364 decimo
1209 2324 1413 2378 capitulo,
1444 2328 1454 2346 ‘
1475 2325 1608 2379 Quod
1640 2326 1762 2366 Deus
1788 2339 1914 2366 mun-

115 2394 250 2445 davit,
278 2401 327 2436 tu
361 2410 593 2442 commune
626 2414 682 2442 ne
715 2401 909 2451 dixeris:
938 2401 966 2442 i.
980 2415 1018 2442 e.
1047 2402 1339 2445 immundum.
1400 2405 1547 2447 Omne
1576 2406 1693 2446 enim
1726 2405 1914 2445 immun-

116 2475 225 2516 dum
245 2488 478 2519 commune
495 2479 734 2531 vocabatur
755 2481 800 2522 in
824 2481 991 2536 populo
1013 2481 1162 2531 Israel,
1183 2483 1286 2536 quia
1310 2483 1434 2525 Deus
1459 2484 1595 2526 voluit
1619 2490 1668 2525 ut
1690 2486 1916 2527 sentencia

118 2554 236 2596 Petri
274 2555 464 2609 apostoli
504 2564 549 2600 et
587 2565 693 2602 tunc
729 2560 862 2615 Papae
901 2568 1017 2602 esset
1050 2562 1286 2604 conformis
1324 2565 1559 2606 sentenciae
1590 2564 1689 2613 Dei,
1721 2565 1840 2606 unde
1874 2566 1914 2608 ei

117 2635 339 2689 praecepit,
372 2636 468 2678 ‘Ne
496 2637 619 2680 dicas
654 2653 751 2682 esse
788 2641 1079 2692 immundum,
1109 2643 1230 2695 quod
1261 2643 1385 2685 Deus
1415 2644 1644 2685 mundavit
1662 2642 1686 2695 ;’
1737 2650 1782 2686 et
1820 2646 1914 2699 pari

119 2715 293 2756 racione
332 2728 386 2757 ne
417 2716 539 2758 dicas
572 2720 796 2769 mundum,
828 2721 900 2762 vel
935 2735 962 2762 a
997 2722 1178 2763 crimine
1211 2723 1474 2773 absolutum,
1511 2724 1629 2776 quod
1668 2724 1790 2765 Deus
1826 2738 1914 2767 non

120 2795 377 2846 mundavit3
414 2804 458 2838 et
498 2797 597 2839 ideo
632 2797 821 2842 Sanctus
856 2800 1012 2843 Petrus
1050 2803 1287 2855 apostolus,
1318 2803 1596 2844 considerans
1637 2804 1913 2858 omnipoten-
