2456 3210
500 189 554 243 98
1002 194 1130 230 LOCI
1164 193 1202 228 E
1241 193 1406 228 LIBRO
1454 191 1798 228 VERJTATUM.

502 336 630 379 oculo
658 335 823 391 jugiter
853 336 1079 390 aspiceret,
1109 341 1154 377 et
1187 335 1247 376 sic
1279 334 1421 376 fidelis
1458 341 1501 376 et
1533 335 1724 388 prudens
1761 348 1909 375 servus
1945 340 1989 375 et
2022 334 2301 388 dispensator

504 417 655 459 domui
683 417 768 458 Dei
801 417 1009 458 existeret
1037 415 1180 457 fidelis
1215 417 1259 456 in
1291 415 1465 463 affectu,
1487 415 1680 468 prudens
1711 415 1755 455 in
1787 414 2023 457 intellectu.
2083 414 2302 456 Dominus

505 497 622 538 enim
645 496 767 538 Deus
788 496 902 538 dixit
926 496 1067 544 Petro,
1091 495 1287 537 Actuum
1310 499 1391 544 10⁰,
1414 497 1423 515 ‘
1439 494 1551 548 Quae
1574 495 1696 535 Deus
1726 494 1965 543 mundavit,
1987 501 2035 537 tu
2058 508 2302 545 commune,

505 577 531 618 i.
547 591 583 618 e.
616 577 903 627 immundum,
927 590 979 617 ne
1001 575 1189 626 dixeris,’
1217 576 1242 615 i.
1263 589 1298 616 e.
1328 581 1414 625 tua,
1443 574 1483 616 O
1516 575 1655 625 Petre,
1677 576 1900 617 sentencia
1927 575 2161 617 conformis
2189 580 2303 617 esset

506 657 740 698 sentenciae
757 656 854 697 Dei.
880 653 1062 706 ‘Michi,’
1077 656 1217 709 inquit
1232 656 1396 706 Petrus,
1413 655 1631 696 ‘ostendit
1643 652 1789 706 Deus,'
1806 654 2002 697 Actuum
2015 659 2086 696 10⁰
2099 655 2304 709 capitulo,

508 740 587 778 ‘ne
620 750 723 790 ergo
756 737 875 778 dicas
912 735 1200 786 immundum,
1234 735 1351 789 quod
1383 735 1504 776 Deus
1538 736 1778 786 mundavit,
1811 749 1891 778 nec
1921 736 2041 777 dicas
2075 736 2302 784 mundum,

506 817 624 871 quod
643 817 764 857 Deus
778 830 865 857 non
880 814 1137 858 mundavit.'
1170 816 1210 857 O
1229 822 1337 870 quot
1352 816 1469 856 mala
1484 822 1689 858 secuntur
1706 822 1750 857 et
1767 822 1876 869 quot
1892 817 2010 858 bona
2026 817 2307 858 destruuntur

506 911 583 952 per
606 896 700 938 haec
719 909 740 950 7
766 896 946 937 flumina
963 896 1230 938 Babilonicae
1252 895 1537 938 confusionis:
1561 895 1755 938 ecclesiae
1778 896 2072 950 particulares,
2091 896 2230 951 ‘quasi
2251 896 2306 938 ti-

505 977 650 1032 gurria
671 977 714 1017 in
736 974 1056 1026 cucumerario,'
1077 976 1287 1018 desolatae
1309 990 1335 1017 a
1356 990 1459 1018 cura
1485 983 1530 1019 et
1551 977 1761 1030 regimine
1783 977 2111 1031 relinquuntur;
2142 977 2307 1032 passim

505 1057 583 1100 viri
606 1057 756 1108 Belial,
779 1057 803 1099 i.
822 1072 857 1098 e.
881 1057 975 1099 sine
997 1057 1105 1111 jugo
1135 1057 1330 1108 racionis,
1356 1057 1401 1098 in
1432 1056 1623 1099 ecclesiis
1645 1063 1689 1098 et
1713 1058 1863 1098 officiis
1885 1058 2055 1112 magnis
2077 1057 2306 1113 eliguntur,

506 1152 583 1180 seu
615 1138 777 1192 pocius,
805 1138 944 1188 minis,
966 1151 1156 1188 munere,
1177 1137 1246 1179 vel
1274 1137 1436 1179 carnali
1467 1138 1680 1192 obsequio
1711 1138 2000 1189 intruduntur,
2022 1139 2308 1193 praesidentes

507 1226 552 1260 et
591 1218 759 1272 prelati,
792 1233 870 1273 per
909 1218 1188 1272 provisiones,
1226 1218 1506 1260 ecclesiarum
1546 1219 1728 1260 cassatis
1769 1218 2060 1261 eleccionibus
2099 1219 2169 1262 vel
2208 1233 2309 1274 pro·
2350 1228 2352 1230 ’

507 1299 668 1349 hibitis,
691 1300 875 1353 pecunia
906 1299 1179 1352 precedente,
1202 1298 1298 1340 loca
1318 1304 1471 1341 sancta
1493 1306 1537 1341 et
1557 1299 1802 1340 animarum
1828 1313 1951 1341 curas
1973 1300 2308 1341 destruxerunt!

509 1379 626 1421 Novi
669 1380 785 1421 enim
825 1393 903 1433 per
933 1393 1066 1421 unam
1109 1380 1403 1434 provisionem
1436 1379 1595 1420 Romae
1641 1385 1882 1433 optentam,
1914 1381 2108 1434 pecuniis
2140 1381 2311 1435 magnis

510 1460 869 1514 praecedentibus,
884 1460 1148 1502 eleccionem
1171 1475 1344 1515 magnae
1366 1474 1480 1502 curae
1502 1467 1545 1502 et
1566 1460 1793 1514 dignitatis
1814 1461 1858 1502 in
1876 1461 2055 1503 ecclesia
2078 1460 2308 1515 prohiberi,

512 1546 556 1582 et
577 1541 723 1583 divina
743 1542 883 1583 officia
905 1556 981 1596 per
1002 1542 1146 1595 plures
1167 1543 1260 1584 dies
1291 1543 1335 1583 in
1358 1543 1513 1583 eadem
1545 1541 1738 1593 ecclesia,
1760 1556 1889 1584 causa
1920 1542 2033 1584 illius
2054 1541 2313 1596 provisionis

513 1621 696 1676 papalis,
729 1623 962 1676 suspendi3
1009 1623 1248 1664 canonibus
1290 1623 1558 1665 secularibus
1590 1622 1788 1676 ejusdem
1832 1622 2025 1665 ecclesiae
2056 1622 2312 1677 optantibus

513 1716 592 1757 per
621 1701 886 1744 eleccionem
929 1709 1100 1756 patrem
1145 1704 1206 1745 eis
1249 1704 1483 1758 praesidere
1515 1708 1559 1744 et
1589 1709 1841 1758 pastorem;
1888 1710 2042 1745 notum
2073 1703 2188 1745 enim
2220 1709 2313 1745 erat

515 1782 705 1824 eundem
756 1783 975 1835 provisum
1027 1797 1105 1825 nec
1150 1784 1384 1825 virtutibus
1436 1784 1674 1825 moralibus
1724 1790 1939 1835 ornatum,
1986 1798 2065 1826 nec
2114 1784 2312 1826 scienciae

515 1863 678 1904 lumine
723 1863 992 1912 decoratum,
1039 1878 1118 1905 nec
1162 1865 1324 1918 gradus
1369 1864 1586 1907 scolastici
1632 1866 1885 1907 testimonio
1929 1866 2194 1907 roboratum.
2271 1863 2312 1906 O

516 1943 698 1985 flumina
730 1943 978 1984 Babilonis!
1025 1958 1134 1998 quos
1166 1946 1391 1999 religiosos
1428 1946 1662 1987 modernos
1702 1946 1759 1987 ab
1800 1946 1920 1987 abitu
1963 1954 2007 1987 et
2049 1946 2315 2000 professione

517 2023 758 2074 exemistis,
782 2030 826 2065 et
854 2030 1024 2065 curatos
1056 2025 1335 2067 ecclesiarum
1357 2026 1672 2080 parochialium
1702 2033 1746 2068 et
1770 2027 2000 2081 magistros
2030 2026 2314 2081 hospitalium

517 2111 561 2146 et
593 2103 845 2158 capellanos
875 2102 1050 2145 honoris
1081 2119 1156 2146 seu
1185 2107 1326 2147 verius
1356 2106 1545 2148 horroris
1575 2105 1762 2149 fecistis!
1791 2127 1804 2131 ·
1826 2107 1866 2149 O
1889 2107 2070 2149 flumina
2091 2107 2315 2150 Babilonis

518 2183 703 2226 misera!
736 2190 845 2238 quot
872 2197 1008 2238 regeS‚
1036 2185 1178 2236 duces,
1201 2193 1244 2228 et
1267 2187 1470 2228 dominos
1498 2188 1541 2228 in
1571 2187 1962 2230 ecclesiasticorum
1982 2188 2314 2243 vilipensionem

518 2265 757 2319 irrumpere
789 2264 964 2315 fecistis,
1002 2279 1055 2306 eo
1087 2268 1217 2318 quod,
1254 2267 1309 2308 ad
1348 2281 1498 2309 eorum
1536 2267 1760 2322 placitum,
1799 2268 2026 2322 privilegia
2062 2275 2106 2310 et
2139 2269 2315 2322 dispen-

519 2347 718 2388 saciones
750 2345 1043 2399 optinuerunt,
1081 2351 1124 2386 et
1165 2346 1388 2388 licenciam
1421 2348 1651 2390 recedendi
1687 2362 1714 2389 a
1749 2349 1934 2402 propriis
1970 2355 2014 2390 et
2050 2347 2317 2390 immediatis

521 2425 702 2477 curatis;
735 2424 797 2467 ita
829 2431 878 2466 ut
908 2437 1026 2478 saepe
1052 2423 1145 2477 jam
1176 2426 1408 2468 fornicator
1438 2427 1726 2470 fornicantem
1759 2429 1915 2483 quaerit
1943 2428 2244 2480 confessorem,
2272 2434 2316 2470 et

522 2507 703 2548 crimine
739 2519 900 2559 magno
939 2504 1130 2545 irretitus
1166 2506 1457 2548 confessorem
1496 2509 1650 2550 eodem
1688 2509 1867 2550 crimine
1902 2508 2115 2550 violatum
2150 2508 2319 2563 quaerit,

522 2585 593 2627 vel
623 2586 770 2637 alium,
803 2585 877 2639 qui
906 2584 1042 2626 nescit
1072 2584 1139 2625 vel
1172 2586 1245 2638 qui
1277 2600 1364 2628 non
1394 2588 1528 2629 audet
1561 2590 1767 2630 veritates
1799 2588 2063 2631 necessarias
2093 2588 2318 2630 confitenti

525 2665 774 2719 explanare,
803 2679 882 2708 nec
912 2664 1126 2706 voluntati
1160 2665 1335 2719 indigne
1367 2668 1679 2720 poenitencium
1711 2675 1755 2710 et
1790 2668 2039 2711 satisfacere
2069 2669 2202 2722 digne
2231 2681 2317 2709 non

524 2744 768 2787 volencium
800 2745 1121 2797 contradicere3
1159 2751 1202 2786 et
1228 2745 1287 2786 sic
1319 2745 1450 2787 timor
1477 2747 1636 2789 divinae
1665 2749 1843 2790 offensae
1868 2763 1894 2790 a
1921 2748 2116 2803 pluribus
2145 2747 2320 2789 recessit
