2456 3210
464 197 542 237 118
964 203 1096 239 LOCI
1130 203 1169 237 E
1207 203 1374 237 LIBRO
1423 202 1768 238 VERJTATIJM.

461 352 540 397 est,
566 351 805 399 antequam
836 352 1100 395 nasceretur,
1134 359 1221 386 non
1250 343 1356 386 fuit.’
1418 344 1530 385 Inde
1561 344 1833 396 Manicheus,
1860 351 1909 386 ut
1937 345 2085 387 Deum
2113 359 2140 386 a
2166 358 2269 387 con-

460 425 633 467 dicione
666 425 883 467 malorum
917 425 1085 475 liberet,
1114 425 1303 466 alterum
1337 424 1441 465 mali
1475 424 1644 466 inducit
1675 430 1916 467 auctorem.
1977 426 2088 467 Inde
2119 426 2270 467 Nova-

461 512 533 547 tus
553 506 771 547 subtrahit
797 506 972 547 veniam
1001 511 1049 546 ut
1077 505 1206 547 tollat
1234 504 1558 558 poenitenciam,
1580 511 1624 546 et
1645 506 1703 547 de
1731 505 1818 546 illis
1845 505 2040 548 fontibus
2068 506 2271 548 universa

461 587 672 640 dogmata
692 592 907 639 tanquam
931 586 1367 640 argumentacionum
1392 599 1569 627 suarum
1597 586 1758 628 rivulos
1778 586 1969 638 trahunt,
1991 587 2018 628 i.
2033 601 2070 628 e.
2091 601 2118 628 a
2142 587 2271 628 dictis

462 666 635 708 illorum
664 665 1028 720 philosophorum
1055 672 1267 719 tanquam
1295 679 1321 706 a
1345 666 1435 708 suis
1463 667 1687 720 principiis
1714 667 1947 719 affirmant,
1973 673 2017 709 et
2045 667 2271 709 deducunt

461 761 563 789 suas
584 746 898 788 conclusiones.
962 746 1072 788 Haec
1092 746 1359 799 Jeronimus.

579 833 628 877 [p.
662 832 753 876 576]
813 831 1137 875 Indulgeneiae.
1202 827 1422 868 Homines
1455 828 1654 870 moderni
1685 829 1848 879 dicunt,
1878 829 2011 870 ‘Non
2046 835 2115 871 est
2143 828 2271 870 nobis

462 921 566 950 cura
595 907 650 948 de
681 908 830 961 aliquo
864 914 1059 961 peccato,
1090 908 1180 956 sed,
1213 908 1248 948 si
1284 907 1404 958 libet,
1435 908 1618 950 facimus
1648 910 1737 951 acsi
1773 910 1948 961 liceret3
1994 908 2271 964 peccavimus

463 995 507 1030 et
538 987 670 1029 nichil
699 987 824 1029 nobis
854 988 1041 1039 accidit3
1080 994 1124 1029 et
1154 987 1190 1028 si
1220 989 1556 1042 peccaverimus,
1588 1003 1676 1031 non
1707 990 1973 1042 timebimus,
2000 989 2103 1043 quia
2132 1002 2272 1043 prope

462 1074 530 1110 est
559 1081 743 1122 regnum
774 1068 872 1117 Dei,
903 1074 948 1110 et
980 1068 1037 1115 ad
1073 1067 1268 1109 hostium
1305 1074 1503 1110 nostrum
1535 1075 1602 1111 est
1635 1070 1810 1121 Roma3
1851 1070 1956 1124 quia
1987 1069 2196 1111 facillime
2227 1074 2272 1110 et

462 1149 669 1190 citissime
698 1148 959 1196 habebimus
986 1148 1159 1196 veniam
1188 1149 1340 1203 culpae,
1362 1155 1408 1193 et
1438 1150 1582 1191 omnis
1613 1164 1770 1204 poenae,
1791 1150 1827 1193 si
1855 1151 2010 1192 demus
2038 1149 2271 1204 pecuniam

461 1229 518 1271 ab
542 1228 793 1278 habendam
815 1228 1141 1282 indulgenciam
1170 1229 1376 1282 papalem
1392 1227 1422 1272 :’
1459 1236 1504 1272 et
1525 1231 1587 1272 sic
1608 1231 1820 1272 omittunt
1845 1236 1970 1272 actus
1993 1243 2109 1272 verae
2130 1229 2271 1283 poeni-

461 1309 629 1359 tenciae,
653 1315 697 1350 et
726 1315 850 1362 actus
881 1309 1044 1350 debitae
1070 1309 1270 1363 justiciae,
1291 1324 1402 1364 quos
1433 1316 1640 1352 tenentur
1669 1310 1822 1362 facere,
1848 1311 2048 1364 quamvis
2082 1309 2272 1352 Sanctus

463 1389 617 1430 Petrus
647 1389 763 1430 dixit
793 1388 992 1431 Actuum
1023 1389 1088 1443 iij0
1124 1389 1331 1444 capitulo,
1370 1390 1676 1432 ‘Poenitemini
1709 1391 1841 1445 igitur
1871 1397 1917 1432 et
1952 1389 2271 1440 convertimini,

462 1483 521 1510 sc.
550 1470 607 1510 ad
635 1483 767 1523 opera
795 1470 945 1519 debita
971 1470 1171 1524 justiciae‚
1202 1477 1251 1512 ut
1280 1470 1509 1519 deleantur
1539 1477 1684 1516 vestra
1711 1469 1921 1525 peccata?
1953 1503 1964 1513 .
1991 1502 2000 1512 .
2033 1503 2043 1513 .
2076 1502 2086 1512 .
2119 1470 2271 1511 Plures

464 1549 581 1598 enim
611 1556 714 1591 sunt
748 1550 935 1592 absoluti
970 1551 1178 1600 vocaliter
1204 1532 1233 1592 a
1263 1551 1493 1601 sacerdote
1528 1552 1572 1592 in
1608 1552 1745 1603 terris,
1776 1557 1821 1592 et
1857 1551 1901 1595 in
1934 1551 2029 1592 foro
2069 1550 2162 1601 soli,
2195 1550 2270 1604 qui

463 1643 553 1671 non
585 1635 687 1670 sunt
719 1629 909 1672 absoluti
940 1645 967 1672 a
998 1631 1097 1678 Deo
1130 1632 1174 1672 in
1204 1631 1299 1673 foro
1329 1631 1432 1686 poli,
1463 1639 1508 1674 et
1538 1632 1663 1686 plura
1699 1637 1910 1686 putantur
1942 1645 2038 1677 esse
2067 1630 2190 1685 justa
2225 1631 2271 1673 in

463 1709 559 1751 foro
589 1709 682 1760 soli,
706 1710 780 1763 qui
810 1717 912 1758 sunt
942 1710 1104 1764 injusta
1134 1712 1178 1753 in
1208 1712 1302 1754 foro
1332 1712 1434 1767 poli,
1460 1718 1510 1754 ut
1540 1717 1728 1754 testatur
1758 1711 1949 1754 Sanctus
1976 1711 2270 1765 Augustinus.

466 1820 476 1830 .
508 1822 518 1831 .
543 1822 553 1831 .
587 1822 596 1830 .
626 1789 728 1842 Jam
760 1790 875 1830 enim
907 1792 1183 1846 episcopatus
1214 1799 1398 1847 pereunt
1431 1799 1476 1835 et
1506 1806 1610 1834 cura
1640 1793 1897 1843 animarum,
1922 1792 2026 1846 quia
2056 1791 2270 1834 habentes

465 1883 626 1923 magna
653 1869 796 1911 officia
823 1876 867 1911 et
895 1872 1033 1912 eciam
1063 1873 1248 1914 abbates
1277 1879 1322 1915 et
1350 1873 1540 1927 religiosi
1573 1879 1754 1919 manent
1784 1874 1828 1914 in
1860 1873 1988 1914 curiis
2020 1872 2271 1926 temporali-

464 1950 558 2001 bus,
584 1950 627 1991 in
652 1950 804 1991 officiis
829 1951 1156 2004 temporalibus,
1181 1960 1226 1995 et
1256 1955 1301 1994 in
1332 1954 1532 2007 coquinis
1560 1953 1839 1996 dominorum
1869 1953 2202 2001 mundanorum,
2225 1958 2271 1995 et

464 2031 510 2082 in
544 2031 697 2072 officiis
732 2031 986 2072 eorundem.
1046 2032 1273 2075 Tenentur
1307 2035 1426 2075 enim
1461 2033 1584 2085 tales,
1615 2034 1697 2075 sub
1732 2047 1866 2087 poena
1901 2039 2078 2075 aeternae
2113 2033 2269 2087 damp-

465 2111 671 2162 nacionis,
691 2111 910 2164 resignare
938 2112 1080 2153 officia
1108 2114 1301 2155 ecclesiae
1328 2122 1373 2157 et
1401 2128 1550 2156 curam
1578 2114 1825 2162 animarum
1849 2114 1952 2168 quia
1979 2127 2059 2159 nec
2086 2118 2271 2168 possunt

465 2205 544 2233 nec
565 2191 709 2233 sciunt
732 2191 831 2233 Deo
856 2191 1039 2233 reddere
1059 2193 1255 2235 debitam
1285 2196 1505 2237 racionem
1529 2194 1811 2236 villicacionis
1830 2208 1933 2242 suae,
1956 2194 2023 2235 i.e.
2045 2194 2112 2235 sui
2139 2194 2269 2236 officii

466 2278 511 2322 et
540 2286 632 2313 suae
663 2285 791 2314 curae.
824 2302 835 2312 .
867 2303 878 2313 .
910 2303 920 2312 .
954 2272 1034 2323 1lle
1061 2274 1176 2315 enirn
1203 2289 1294 2327 rex,
1315 2290 1392 2317 seu
1417 2276 1634 2327 dominus,
1655 2289 1731 2316 seu
1757 2275 1868 2316 alius
1892 2274 2172 2328 quiscunque,
2192 2274 2269 2328 qui

465 2351 582 2403 facit,
611 2353 680 2395 vel
715 2352 809 2394 fieri
843 2352 1025 2403 laborat,
1057 2368 1133 2395 seu
1164 2355 1345 2409 adjuvat
1376 2356 1570 2410 aliquem
1607 2356 1708 2410 eligi
1741 2369 1818 2397 seu
1851 2355 2041 2396 ordinari
2075 2355 2120 2396 in
2155 2354 2269 2408 epis-

466 2446 639 2487 copum,
664 2438 890 2482 rectorem,
916 2432 1123 2486 judicem,
1153 2435 1374 2486 abbatem,
1406 2451 1483 2478 seu
1513 2436 1769 2483 officiarium
1799 2436 1844 2477 in
1872 2435 2049 2490 populo,
2071 2435 2165 2479 sine
2191 2435 2270 2477 de-

466 2513 559 2563 bita
584 2514 831 2561 intencione
860 2519 904 2555 et
926 2527 1046 2567 pura,
1069 2520 1113 2555 et
1140 2515 1232 2559 sine
1254 2517 1404 2558 debita
1431 2517 1605 2567 noticia,
1628 2517 1746 2571 quod
1768 2516 1842 2559 illa
1862 2529 2059 2570 persona,
2079 2529 2159 2570 pro
2180 2528 2269 2570 qua

467 2593 613 2645 instat,
633 2594 770 2637 habet
800 2594 1046 2645 scienciam,
1066 2597 1329 2648 potenciam,
1350 2602 1395 2638 et
1422 2597 1695 2643 voluntatem
1722 2598 1781 2641 ad
1811 2597 2062 2639 faciendum
2091 2610 2144 2638 ea
2167 2609 2268 2650 quae

468 2673 512 2713 in
543 2674 618 2715 illo
649 2675 792 2717 officio
822 2675 989 2726 fierent,
1014 2674 1114 2716 Deo
1139 2675 1338 2728 jubente,
1366 2690 1465 2717 reus
1495 2684 1563 2720 est
1593 2691 1739 2719 coram
1771 2677 1871 2719 Deo
1900 2677 2097 2719 omnium
2129 2674 2266 2717 malo-

471 2766 578 2804 rum,
610 2768 709 2807 quae
745 2755 1003 2809 perveniunt
1033 2767 1111 2808 per
1145 2754 1366 2804 defectum
1406 2755 1532 2807 illius,
1563 2771 1695 2810 quem
1726 2763 1956 2811 promovet
1984 2756 2042 2802 ad
2073 2755 2266 2809 regimen
