2456 3210
501 236 525 275 8
1005 241 1137 276 LOCI
1170 241 1210 275 E
1248 241 1412 275 LIBRO
1462 241 1804 277 VERJTATUM.

498 386 568 427 vel
609 385 742 426 nimia
786 384 1120 439 importunitate
1159 385 1354 434 vincitur,
1395 390 1443 425 ut
1490 390 1678 426 testatur
1723 384 1912 427 Sanctus
1961 382 2207 427 Bernardus
2253 387 2297 428 in

498 466 684 521 epistola
723 465 934 519 praedicta
972 479 1072 518 quae
1112 464 1277 518 incipit,
1316 464 1378 505 ‘si
1419 478 1617 506 maneres
1657 466 1702 506 in
1742 462 1949 507 caritate.'
2021 465 2138 508 Novi
2180 466 2296 508 enim

497 546 674 600 quando
713 560 830 600 papa
872 546 1112 596 Romanus,
1148 545 1283 586 nimia
1323 545 1655 598 importunitate
1687 532 1959 587 vinstancium
1998 560 2078 600 pro
2117 545 2297 589 licencia

495 626 702 669 habenda
718 626 938 680 fatigatus,
956 626 1070 667 dixit
1092 626 1347 676 astantibus,
1364 628 1373 645 ‘
1387 626 1444 666 ad
1466 626 1692 667 diabolum
1709 626 1786 667 fiat
1808 632 1855 667 ut
1876 624 2063 681 petitur,’
2079 634 2124 669 et
2145 629 2296 669 statim

497 722 556 749 ex
587 707 665 749 tali
697 707 978 748 concessione
1009 713 1186 748 extorta
1225 706 1360 748 fiebat
1390 706 1507 748 bella
1538 704 1633 762 (sic)
1662 707 1832 761 papalis
1867 707 2068 761 sigillata,
2101 713 2147 750 et
2182 708 2294 762 epis-

495 801 632 842 copus
672 788 746 841 qui
786 787 846 828 ibi
887 787 1081 828 interfuit
1122 793 1166 828 et
1205 787 1315 828 vidit
1359 786 1465 828 mihi
1506 787 1674 829 doctori
1720 788 2021 829 testimonium
2060 787 2295 842 perhibuit.

497 868 538 910 O
574 867 716 922 qualis
757 873 825 909 est
866 866 951 908 ista
989 867 1154 909 vocalis
1192 867 1441 909 concessio!
1503 867 1746 922 Nunquam
1784 867 1886 908 talis
1925 869 2146 910 concessio
2185 867 2295 923 ligat

495 949 654 996 Deum,
688 953 735 988 ut
766 953 917 989 contra
943 947 1108 1000 judicia
1138 962 1216 988 sua
1245 947 1376 989 faciat
1402 947 1641 1001 justificata
1675 948 1720 988 in
1755 948 2014 1002 semetipsis,
2043 948 2175 1003 plane
2206 961 2295 989 non

492 1034 652 1082 potest.

608 1114 775 1158 [p.111.]
837 1114 1028 1150 Bellum.
1089 1102 1225 1149 Anno
1257 1108 1337 1150 Xti
1373 1108 1478 1161 Jesu
1515 1106 1625 1159 1456
1660 1107 1743 1148 fuit
1782 1108 1947 1149 bellum
1989 1108 2074 1150 Dei
2115 1114 2159 1150 et
2199 1108 2293 1163 ejus

490 1189 671 1230 victoria
714 1194 892 1231 ostensa
941 1190 985 1230 in
1029 1189 1179 1242 paucis
1225 1188 1402 1230 Xtianis
1443 1188 1489 1229 in
1528 1201 1664 1241 regno
1706 1187 1948 1242 Hungariae
1993 1189 2292 1243 pugnantibus

491 1270 550 1310 ibi
591 1275 743 1311 contra
783 1269 1018 1311 maledicos
1059 1268 1227 1310 Turcos
1267 1275 1312 1310 et
1353 1282 1502 1310 eorum
1547 1268 1867 1321 imperatorem,
1908 1269 1983 1322 qui
2023 1275 2127 1311 ante
2165 1268 2290 1311 illum

490 1362 653 1389 annum
686 1349 844 1391 invasit
881 1355 926 1390 et
961 1349 1152 1390 obtinuit
1186 1348 1409 1390 civitatem
1444 1347 1889 1402 Constantinopolim,
1918 1349 2022 1402 quia
2052 1349 2290 1403 imperator

490 1429 759 1480 intendebat,
790 1436 838 1470 ut
878 1430 1006 1478 dixit,
1038 1428 1186 1470 delere
1219 1442 1382 1469 nomen
1416 1428 1523 1481 Jesu
1560 1428 1640 1470 Xti
1680 1428 1762 1469 sub
1798 1427 1925 1477 coelo,
1956 1428 2059 1482 quia
2093 1429 2207 1470 clam
2243 1435 2290 1470 et

489 1508 647 1550 furtive
683 1509 860 1551 intravit
895 1523 974 1563 per
1005 1522 1126 1550 mare
1158 1509 1202 1549 in
1234 1508 1500 1560 Danubium,
1530 1508 1711 1550 fluvium
1746 1521 1968 1562 magnum,
2001 1515 2045 1550 et
2078 1509 2122 1549 in
2158 1515 2289 1551 nocte

489 1596 593 1631 ante
614 1589 809 1643 vigiliam
832 1590 983 1631 Beatae
1006 1589 1161 1630 Mariae
1191 1588 1485 1643 Magdalenae.
1547 1588 1751 1630 Dimissis
1775 1588 1913 1642 galeis
1937 1588 2025 1630 suis
2055 1589 2100 1629 in
2125 1603 2288 1643 aquam

489 1669 758 1720 Danubium,
789 1669 966 1711 intravit
1000 1670 1046 1710 in
1086 1682 1270 1723 regnum
1314 1669 1556 1723 Hungariae
1591 1682 1692 1710 cum
1727 1682 1807 1709 suo
1848 1668 2042 1710 exercitu
2084 1669 2203 1710 malo
2242 1675 2288 1712 et

487 1762 662 1803 magno,
684 1754 728 1790 et
752 1750 870 1790 facto
895 1749 954 1790 ibi
983 1748 1147 1790 insultu
1174 1763 1254 1790 suo
1282 1755 1434 1790 contra
1454 1755 1645 1790 castrum
1664 1754 1870 1790 vocatum
1891 1747 2053 1789 Altum
2075 1748 2286 1801 Gradum,

489 1835 533 1871 et
563 1835 717 1871 contra
746 1829 895 1871 villam
932 1830 971 1870 ei
1007 1843 1231 1871 annexam
1261 1835 1467 1871 vocatam
1499 1829 1594 1872 Cris
1620 1828 1946 1883 Wissenberge,
1975 1829 2042 1870 i.e.
2073 1829 2153 1871 Xti
2181 1829 2286 1872 alba

486 1909 604 1959 villa,
630 1909 888 1964 pugnabant
919 1910 962 1950 in
992 1909 1143 1963 vigilia
1172 1916 1216 1951 et
1247 1909 1292 1950 in
1321 1909 1436 1950 festo
1466 1914 1631 1950 sanctae
1661 1914 1706 1950 et
1735 1908 1879 1950 beatae
1910 1908 2065 1950 Mariae
2096 1909 2285 1964 Magda-

486 1990 599 2031 lenae
630 2003 730 2031 cum
761 1995 837 2040 40a
863 1989 1055 2031 millibus
1087 1989 1264 2031 Xtianis
1294 1990 1351 2030 de
1383 1989 1610 2042 Hungaria
1640 1988 1905 2031 exeuntibus
1935 1995 2063 2031 extra
2093 1997 2285 2032 castrum

486 2071 747 2125 praedictum
776 2076 821 2111 et
846 2070 1008 2121 villam,
1029 2084 1203 2124 semper
1222 2069 1314 2111 alta
1332 2083 1441 2111 voce
1464 2068 1756 2110 clamantibus
1775 2068 1928 2121 Jesus!
1953 2069 2106 2122 Jesus!
2129 2070 2285 2124 Jesusx

486 2151 668 2193 doctore
707 2150 910 2204 Johanne
951 2151 1009 2192 de
1050 2149 1311 2204 Capistrano
1356 2149 1520 2190 ordinis
1566 2148 1706 2190 sancti
1754 2149 1971 2191 Francisci
2019 2151 2284 2204 precedente

486 2231 676 2273 Xtianos
707 2245 808 2274 cum
839 2244 999 2285 magna
1028 2244 1155 2272 cruce
1184 2236 1229 2271 et
1260 2230 1479 2271 clamante
1510 2234 1555 2270 et
1585 2229 1724 2270 eciam
1754 2228 1943 2271 faciente
1973 2230 2164 2273 Xtianos
2193 2231 2285 2274 alte

486 2312 674 2354 clamare
713 2312 867 2365 Jesus!
913 2311 1064 2364 Jesus!
1109 2311 1260 2364 Jesus!
1304 2309 1521 2351 continuis
1561 2309 1752 2360 vocibus,
1793 2323 1882 2363 quo
1922 2309 2053 2362 facto,
2091 2311 2198 2363 viso,
2238 2317 2284 2354 et

485 2393 636 2435 audito
663 2407 690 2434 a
717 2391 895 2446 perfidis
918 2391 1072 2432 Turcis
1099 2390 1294 2444 paganis,
1315 2389 1528 2443 percussit
1555 2402 1630 2430 eos
1658 2389 1782 2430 Deus
1810 2395 1855 2431 et
1882 2404 2033 2432 eorum
2063 2391 2282 2446 perfidum

486 2473 794 2527 imperatorem
835 2477 962 2513 tanto
997 2470 1154 2511 timore
1185 2476 1230 2511 et
1264 2469 1442 2511 horrore
1474 2469 1594 2522 quod
1626 2468 1846 2522 fugierunt
1876 2484 1903 2511 a
1935 2470 2047 2513 facie
2077 2471 2194 2523 Dei3
2235 2476 2282 2513 et

486 2553 696 2606 praedicta
735 2551 826 2603 40³³
863 2550 999 2592 millia
1050 2550 1314 2591 Xtianorum
1362 2549 1615 2591 occiderunt
1662 2550 1719 2590 de
1766 2539 1850 2591 illis
1896 2550 2052 2593 Turcis
2099 2551 2282 2606 paganis

489 2639 666 2674 centurn
707 2631 845 2673 millia
884 2637 930 2673 et
969 2629 1058 2683 50ta
1092 2630 1239 2679 millia,
1277 2629 1418 2683 captis
1460 2642 1609 2671 eorum
1650 2630 1822 2683 magnis
1862 2630 2029 2673 diviciis
2062 2644 2196 2673 manu
2236 2637 2282 2674 et

487 2712 653 2753 auxilio
682 2713 766 2754 Dei
797 2710 1123 2766 omnipotentis,
1143 2716 1194 2751 ut
1223 2714 1411 2751 testatur
1439 2709 1483 2749 in
1512 2708 1661 2761 literis,
1682 2710 1824 2764 sigillo
1851 2724 2071 2753 armorum
2102 2724 2280 2753 suorum

489 2791 699 2844 sigillatis,
750 2794 1005 2847 capitaneus
1059 2790 1172 2832 illius
1221 2789 1324 2831 belli
1382 2789 1646 2830 Xtianorum
1672 2826 1673 2829 ,
1697 2790 1902 2833 dominus
1951 2790 2176 2844 Johannes
2223 2791 2281 2833 de
