2456 3210
700 322 833 359 LOCI
866 322 906 358 E
944 319 1111 356 LIBRO
1157 317 1504 354 VERJTATUM.
1931 322 2008 363 199

205 467 436 509 absentem
478 482 574 510 esse
612 481 640 509 a
681 481 786 509 cura
829 480 921 507 sua.
996 463 1237 518 Disperdat
1278 462 1499 503 Dominus
1536 461 1678 503 virum
1719 461 1795 515 qui
1835 466 2010 502 tanturn

206 547 374 589 malum
405 549 509 590 facit
543 555 590 590 et
618 548 760 590 virum
788 547 866 601 qui
894 545 1022 588 offert
1052 558 1213 586 munus
1233 543 1334 585 Deo
1364 557 1445 598 pro
1473 542 1565 594 tali,
1594 543 1621 584 i.
1637 557 1675 584 e.
1699 555 1779 596 pro
1809 540 1888 583 tali
1918 541 2012 581 viro

204 628 283 682 qui
318 629 442 671 ducit
476 643 664 670 uxorem
696 642 787 669 non
817 641 945 668 suam
975 626 1107 680 quasi,
1135 638 1216 666 sua
1246 630 1374 674 esset,
1410 625 1437 665 i.
1455 638 1492 666 e.
1517 624 1593 678 qui
1623 622 1760 664 habet
1791 622 1910 664 bona
1942 634 2013 663 ec-

206 708 352 750 clesiae
383 723 485 763 quae
514 715 663 751 essent
692 709 812 750 bona
841 707 1086 748 immediati
1116 706 1255 747 curati
1285 705 1402 746 illius
1431 704 1640 746 ecclesiae.

323 795 374 839 [p.
397 795 489 840 551]
550 790 664 832 Haec
698 795 767 830 est
806 788 923 830 racio
962 793 1130 829 sanctae
1165 786 1391 828 memoriae
1428 786 1623 827 doctoris
1657 785 1844 827 Roberti
1880 783 2013 826 Gros-

208 874 335 921 teste,
356 870 581 923 quondam
611 869 804 924 episcopi
833 866 1167 918 Lincolniensis,
1188 866 1234 908 in
1263 866 1450 920 epistola
1479 880 1561 907 sua
1589 866 1843 920 responsiva
1871 864 2014 906 literae

210 949 462 992 Innocencii
501 948 590 1004 iiijti
628 963 770 1004 papae,
814 948 891 1003 qui
930 948 1071 989 voluit
1114 954 1161 989 et
1210 947 1438 989 mandavit
1478 946 1598 1001 quod
1643 946 1830 1000 juvenis,
1875 958 2015 999 nepos

210 1029 410 1083 ejusdem
458 1043 589 1084 papae
631 1029 896 1081 Innocencii,
940 1028 1197 1070 Fredericus
1246 1028 1437 1077 nomine,
1481 1042 1541 1069 ex
1585 1027 1834 1081 provisione
1879 1026 2014 1081 ipsius

209 1124 354 1164 papae,
387 1106 572 1152 haberet
605 1111 859 1165 proximam
895 1124 954 1151 ex
992 1116 1100 1152 tunc
1138 1115 1392 1150 vacaturam
1426 1109 1711 1163 praebendam
1751 1108 1796 1150 in
1830 1107 2015 1150 ecclesia

210 1189 484 1242 Lincolniae;
513 1191 583 1233 cui
613 1191 827 1232 mandato
854 1204 983 1245 papae
1008 1190 1214 1231 dominus
1236 1189 1554 1231 Lincolniensis
1586 1203 1810 1243 nunquam
1835 1189 2016 1230 obedire

210 1270 364 1320 voluit,
391 1284 602 1320 asserens,
630 1271 675 1312 in
706 1271 920 1325 praedicta
950 1269 1138 1324 epistola
1166 1270 1432 1324 responsiva,
1461 1270 1552 1311 tale
1582 1269 1749 1311 sactum
1779 1283 1876 1310 esse
1910 1282 2014 1311 con-

211 1352 394 1393 trarium
434 1351 521 1393 Dei
562 1351 776 1393 mandato
816 1357 861 1392 et
900 1351 1034 1392 saluti
1073 1351 1348 1402 animarum3
1396 1357 1441 1392 et
1483 1350 1687 1404 Epistola
1728 1349 1805 1391 illa
1850 1350 2016 1404 incipit,

212 1434 223 1451 ‘
241 1431 425 1473 Noverit
459 1431 696 1473 discreccio
729 1438 879 1473 vestra
908 1431 1029 1485 quod
1062 1431 1284 1472 mandatis
1313 1428 1593 1485 apostolicis,’
1627 1437 1710 1472 etc.
1771 1431 1864 1472 Iste
1898 1430 2015 1471 enim

212 1524 331 1565 papa
376 1512 665 1554 Innocencius
704 1512 818 1566 iiij²¹²⁸
857 1512 1031 1566 scripsit
1065 1511 1342 1562 Innocencio,
1377 1511 1598 1553 collectori
1639 1525 1720 1552 suo
1754 1511 1799 1551 in
1834 1510 2015 1564 Anglia,

214 1597 261 1633 et
293 1591 600 1634 archidiacono
637 1591 955 1643 Cantuariensi,
991 1593 1263 1642 mandatum,
1298 1598 1343 1633 et
1383 1606 1471 1633 non
1511 1592 1718 1633 obstante
1753 1605 2017 1646 quocunque

212 1679 394 1724 statuto,
433 1673 505 1715 vel
550 1674 742 1724 decreto,
782 1673 1113 1723 consuetudine,
1150 1672 1221 1714 vel
1258 1672 1514 1726 juramento
1559 1673 1814 1727 praestando
1857 1673 1900 1714 in
1945 1686 2016 1714 ec-

216 1753 360 1795 clesiis
411 1754 736 1796 cathedralibus
788 1754 872 1809 ipsi
921 1754 1119 1803 domino,
1169 1753 1428 1796 inducerent
1476 1753 1758 1795 Fredericum
1808 1759 2016 1808 nepotem

213 1847 357 1888 papae,
397 1841 444 1876 et
488 1834 794 1888 alienigenam,
833 1835 878 1875 in
922 1834 1085 1876 realem
1134 1833 1459 1888 possessionem
1512 1834 1763 1888 praebendae
1811 1834 2018 1888 proxime

213 1920 431 1956 vacaturae
463 1914 508 1955 in
542 1914 726 1956 ecclesia
762 1914 1075 1956 Lincolniensi.
1138 1913 1229 1956 Sed
1270 1915 1478 1956 dominus
1511 1914 1833 1957 Lincolniensis
1871 1915 2017 1969 ipsum

217 1993 498 2036 Fredericum
527 1995 572 2035 in
606 1996 914 2036 canonicatum
943 1996 1137 2049 recipere
1166 2008 1256 2036 non
1283 1994 1438 2044 voluit,
1462 2009 1545 2037 nec
1574 1995 1669 2049 ejus
1698 2001 2015 2050 procuratores,

216 2073 396 2114 nomine
429 2074 578 2128 ipsius,
609 2088 808 2116 asserens
843 2076 988 2129 ipsum
1028 2075 1309 2116 Fredericum
1343 2076 1502 2117 eodem
1536 2082 1638 2117 actu
1680 2075 1933 2123 inhabilem,
1971 2081 2016 2116 et

217 2152 263 2193 in
302 2158 436 2194 aetate
470 2153 654 2206 juvenili
698 2155 1007 2210 indispositum
1045 2155 1105 2196 ad
1153 2155 1349 2208 regimen
1392 2156 1651 2207 animarum,
1695 2162 1742 2197 et
1787 2155 1846 2196 ad
1890 2160 2017 2196 actus

217 2233 488 2286 pertinent&
521 2239 568 2275 et
600 2234 777 2277 debitos
813 2235 1064 2289 praebendae
1097 2235 1273 2276 vacanti
1305 2235 1561 2285 Lincolniae,
1594 2243 1639 2277 et
1678 2224 1822 2278 eideffi
1858 2234 2016 2275 collec-

175 2352 177 2354 ,
218 2313 302 2354 tori
331 2326 461 2366 papae
489 2313 535 2354 in
557 2313 725 2368 Anglia
756 2316 1103 2383 Innocentioget
1132 2315 1438 2358 archidiacono
1463 2315 1767 2358 Cantuariensi
1798 2315 2018 2368 rescripsit

218 2393 338 2434 idem
376 2392 581 2435 dominus
620 2394 941 2438 Lincolniensis
982 2382 1217 2450 epistolam
1257 2398 1557 2450 responsivam
1598 2396 1756 2438 litteris
1795 2408 1924 2448 papae
1971 2401 2017 2435 et

219 2472 378 2514 litteris
417 2473 612 2526 ipsorum
654 2476 947 2528 dominorum,
983 2483 1028 2518 et
1069 2475 1257 2530 epistola
1295 2475 1371 2518 illa
1410 2478 1664 2531 responsiva
1702 2475 1870 2516 domini
1912 2474 2017 2514 Lin-

219 2552 451 2594 colniensis
483 2553 639 2595 litteris
669 2568 799 2610 papae
834 2556 1087 2598 Innocencii
1118 2563 1164 2598 et
1194 2556 1505 2610 praedictorum
1537 2556 1816 2597 dominorum
1851 2554 2018 2608 incipit,

219 2632 434 2674 ‘Noverit
465 2633 675 2676 discrecio
702 2643 850 2678 vestra
888 2638 1007 2691 quod
1044 2637 1266 2678 mandatis
1305 2634 1586 2691 apostolicis,'
1626 2642 1708 2676 etc.
1780 2633 1870 2688 Qui
1900 2634 2018 2675 enim

222 2725 337 2753 nunc
370 2719 552 2754 vocatur
587 2713 796 2757 collector
832 2730 962 2771 papae
997 2718 1042 2758 in
1075 2716 1244 2770 Anglia
1278 2717 1324 2758 in
1359 2724 1558 2771 tempore
1592 2714 1759 2757 domini
1795 2713 2019 2755 Lincolni-

221 2793 339 2834 ensis
369 2793 612 2834 vocabatur
644 2794 828 2849 scriptor
856 2810 987 2851 papae
1017 2798 1062 2839 in
1090 2796 1271 2851 Anglia,
1298 2797 1416 2839 unde
1447 2810 1564 2851 papa
1596 2795 1883 2836 Innocencius
1906 2793 2020 2847 iiij²¹¹⁸

220 2872 394 2926 scripsit
434 2872 697 2915 Innocencio
735 2875 933 2929 scriptori
973 2890 1054 2919 suo
1099 2878 1144 2919 in
1184 2876 1352 2931 Anglia
1395 2891 1476 2931 pro
1522 2874 1733 2930 praedicta
1771 2874 2019 2927 provisione

2083 2245 2105 2272 (ὃ
