2456 3210
686 336 820 371 LOCI
852 335 893 370 E
930 334 1098 369 LIBRO
1143 333 1490 369 VERJTATUM.
1914 336 1995 381 179

304 484 354 529 [p.
379 485 470 530 397]
510 485 780 522 Praedieare.
823 479 923 534 Ego
954 479 1085 529 enim,
1106 478 1306 520 Thomas
1337 477 1598 532 Gascoigne,
1626 483 1810 519 vocatus
1840 477 1996 518 doctor

187 556 456 615 Theologiae,
494 568 539 604 et
580 559 876 603 cancellarius
919 559 1066 602 Studii
1101 559 1414 602 Universitatis
1454 559 1660 611 Oxoniae,
1701 558 1994 600 Eboracensis

186 640 384 693 diocesis,
414 642 630 685 submitto
669 656 753 694 me,
786 648 832 684 et
868 641 1086 695 meipsum
1101 667 1105 670 ⁴
1121 640 1259 682 offero
1300 640 1611 682 misericordia-‘2
1647 639 1746 691 Dei,
1782 653 1836 681 eo
1871 639 1991 693 quod

188 732 277 762 non
298 722 532 775 praedicavi
562 722 738 777 publice
766 722 986 777 quociens,
1006 727 1056 763 ut
1086 722 1231 770 credo,
1253 721 1315 763 sic
1345 721 1670 776 praedicassem.
1715 719 1853 761 Anno
1875 719 1992 761 enim

187 800 371 843 Domini
402 803 509 856 Jesu
543 802 755 845 incarnati
786 807 880 844 mm⁰
910 806 1059 844 ccccmo
1088 801 1248 856 xxvij0,
1280 801 1342 843 sui
1374 802 1604 843 ordinatus
1639 802 1684 842 in
1715 801 1992 843 sacerdotem

187 881 232 922 in
265 882 448 924 ecclesia
480 883 750 938 praebendali
785 882 971 933 Tharne,
1006 882 1327 924 Lincolniensis
1362 883 1559 934 diocesis,
1591 881 1855 923 auctoritate
1887 882 1993 923 doc-

186 962 295 1004 toris
333 962 593 1018 Theologiae
628 964 826 1018 magistri
863 964 1042 1005 Ricardi
1079 964 1117 1005 F
1118 963 1360 1018 lemmyng,
1396 969 1503 1005 tunc
1539 962 1734 1017 episcopi
1770 962 1994 1004 Lincolni-

187 1043 315 1093 ensis,
356 1043 448 1086 nati
495 1044 541 1085 in
578 1044 741 1090 diocesi
782 1044 1012 1096 Eborum;
1054 1051 1100 1086 et
1139 1045 1198 1086 ab
1238 1044 1315 1086 illo
1353 1058 1472 1085 anno
1510 1043 1692 1084 Domini
1728 1047 1824 1084 mm⁰
1844 1047 1995 1085 cccc¹¹¹o

187 1123 336 1178 xxvij⁰
373 1124 516 1176 credo,
547 1125 666 1180 quod
707 1139 792 1180 ego
833 1125 965 1166 miser
995 1123 1194 1166 Thomas
1229 1124 1479 1180 Gascoigne
1517 1123 1754 1179 praedicavi
1794 1123 1996 1177 quolibet

186 1217 304 1245 anno
338 1204 384 1245 in
418 1205 600 1247 diversis
633 1205 741 1247 locis
773 1211 875 1259 post
909 1219 1075 1247 annum
1105 1205 1369 1260 praedictum
1401 1219 1541 1259 usque
1571 1204 1628 1246 ad
1663 1218 1829 1246 annum
1859 1205 1994 1246 istum

186 1284 232 1324 in
271 1298 362 1338 quo
400 1284 496 1327 haec
534 1286 699 1340 scripsi,
738 1287 766 1327 i.
787 1300 824 1327 e.
856 1286 1055 1340 quolibet
1094 1300 1212 1328 anno
1252 1286 1311 1328 ab
1340 1299 1458 1327 anno
1490 1285 1571 1327 Xti
1602 1285 1816 1327 incarnati
1846 1285 1996 1339 xxvij⁰

187 1378 327 1418 usque
371 1365 430 1407 ad
478 1379 645 1407 annum
685 1366 765 1407 Xti
807 1373 882 1407 mm
922 1373 1052 1408 cccc'³³
1095 1366 1511 1421 quinquagesimum
1551 1365 1638 1419 vj¹¹¹‚
1679 1365 1723 1406 in
1764 1379 1854 1419 quo
1897 1364 1995 1407 haec

185 1444 351 1499 scripsi.
411 1444 502 1487 Sed
532 1446 747 1498 miserere,
778 1447 994 1497 miserere,
1027 1446 1233 1488 miserere
1263 1446 1363 1497 mei,
1386 1445 1584 1500 piissime
1613 1445 1745 1499 Jesu!
1778 1445 1882 1499 quia
1912 1459 1995 1487 nec

184 1525 420 1579 praedicavi
444 1526 613 1568 tociens
640 1532 690 1568 ut
720 1526 865 1576 debui,
886 1541 966 1569 nec
996 1527 1040 1567 in
1065 1533 1135 1568 tot
1164 1526 1272 1568 locis
1300 1526 1460 1580 quibus
1491 1526 1636 1576 debui,
1662 1538 1743 1567 nec
1768 1531 1819 1567 ut
1845 1525 1994 1567 debui.

187 1604 229 1647 O
261 1605 397 1659 Deus,
427 1590 709 1662 omnipotens
748 1614 794 1650 et
834 1607 1081 1649 misericor!
1128 1613 1177 1649 tu
1218 1607 1302 1649 scis
1343 1620 1498 1648 causas
1539 1619 1675 1655 meas,
1711 1619 1793 1660 pro
1832 1605 1995 1660 quibus

185 1684 232 1726 in
270 1685 366 1727 istis
408 1686 550 1741 xxviij
587 1689 714 1729 annis
763 1688 999 1741 praedicavi
1039 1687 1175 1728 verba
1213 1693 1303 1738 tua,
1343 1687 1380 1728 si
1420 1700 1508 1728 non
1548 1686 1717 1728 tociens
1756 1691 1807 1728 ut
1846 1686 1993 1736 debui,

184 1764 297 1808 sicut
325 1779 410 1820 ego
440 1768 586 1809 credo.
647 1768 842 1810 Domine
870 1769 1001 1821 Jesu!
1046 1768 1252 1809 miserere
1281 1767 1368 1809 mei
1399 1767 1545 1809 miseri
1574 1767 1653 1809 tui.

301 1852 352 1897 [p.
381 1853 474 1896 409]
533 1853 823 1891 Praedicator.
884 1848 1091 1890 Moderni
1132 1847 1262 1898 enim,
1304 1847 1468 1889 inimici
1507 1847 1719 1898 veritatis,
1758 1846 1992 1889 audientes

124 1912 127 1914 ³
185 1939 432 1968 sermonem
461 1928 660 1970 veritatis
689 1930 866 1972 dicunt:
904 1929 1021 1970 ‘Iste
1050 1941 1196 1969 sermo
1226 1941 1315 1969 non
1338 1927 1476 1970 habet
1501 1927 1700 1979 sormam,
1724 1934 1794 1970 set
1819 1927 1993 1969 locutus

186 2012 266 2058 est,
305 2012 352 2048 et
390 2008 572 2050 nescivit
611 2023 711 2063 quae
751 2009 879 2059 dixit,
916 2022 997 2050 nec
1038 2007 1259 2049 intellexit
1299 2021 1399 2062 quae
1439 2008 1568 2059 dixit,
1607 2021 1689 2050 nec
1728 2007 1866 2049 habet
1904 2008 1992 2048 for-

186 2092 357 2128 matum
387 2086 612 2141 ingenium
627 2090 655 2138 ;'
696 2090 800 2144 quia
830 2089 1088 2143 praedicavit
1123 2101 1177 2130 ea
1206 2101 1307 2142 quae
1340 2095 1445 2130 sunt
1479 2093 1634 2130 contra
1668 2101 1819 2129 eorum
1855 2100 1991 2140 appe-

186 2166 319 2208 titum
341 2173 386 2208 et
406 2175 558 2211 contra
573 2182 725 2211 eorum
745 2184 915 2220 mores;
946 2169 1087 2210 forma
1107 2168 1224 2210 enim
1245 2168 1396 2210 debita
1421 2169 1466 2210 in
1486 2182 1688 2210 sermone
1709 2173 1788 2216 est,
1811 2167 1989 2221 quando

183 2258 253 2289 res
277 2246 524 2290 declaratur
542 2256 588 2292 et
611 2249 927 2301 manifestatur,
949 2255 995 2291 et
1022 2250 1130 2290 ordo
1158 2249 1333 2290 dicendi
1357 2249 1555 2303 sequitur
1583 2248 1784 2290 ordinem
1814 2247 1988 2288 essendi

184 2328 230 2368 in
265 2328 406 2369 rebus.
467 2327 666 2372 Christus
697 2331 826 2382 enim,
860 2330 906 2372 in
942 2329 1171 2383 evangelio
1206 2342 1286 2370 suo
1320 2342 1400 2383 per
1434 2343 1534 2371 eum
1569 2328 1821 2383 praedicato,
1851 2325 1988 2368 talem

185 2408 386 2450 ordinem
420 2409 608 2451 servavit
642 2410 687 2452 in
722 2411 923 2460 dicendo,
955 2411 1073 2464 quod
1106 2409 1163 2450 de
1194 2409 1388 2450 materiis
1417 2408 1701 2450 dissimilibus
1732 2412 1777 2448 et
1806 2406 1989 2448 diversis

186 2492 232 2529 et
273 2487 519 2541 disparibus
561 2489 672 2532 infra
712 2491 845 2533 breve
883 2492 1080 2545 spacium
1122 2490 1335 2543 temporis
1374 2489 1649 2544 loquebatur,
1690 2493 1738 2528 ut
1778 2492 1903 2540 patet
1942 2487 1987 2527 in

185 2567 368 2608 diversis
397 2567 504 2608 locis
533 2570 759 2623 evangelii.
820 2571 983 2612 Forma
1013 2571 1130 2612 enim
1161 2570 1329 2610 curiosa
1356 2570 1531 2611 dicendi
1563 2566 1750 2621 impedit
1776 2565 1986 2607 noticiam

186 2646 384 2688 materiae
415 2649 744 2701 cognoscendae,
763 2656 808 2692 et
836 2664 923 2692 non
951 2649 1204 2691 manifestat
1227 2649 1472 2698 veritatem,
1496 2649 1609 2690 sicut
1637 2645 1988 2687 manifestaretur

185 2725 232 2767 in
271 2726 414 2780 planis
452 2727 596 2768 verbis
633 2728 774 2778 bonis,
814 2737 860 2772 et
900 2730 1044 2772 modis
1080 2729 1255 2770 dicendi
1295 2730 1475 2783 quando
1513 2740 1666 2769 verum
1706 2725 1899 2774 docetur,
1940 2731 1987 2767 et

188 2806 463 2860 ‘intelligunt
502 2807 758 2858 audientes:
796 2809 939 2864 inquit
978 2809 1273 2863 Augustinus,
1314 2809 1386 2851 De
1430 2807 1628 2850 doctrina
1670 2804 1864 2855 Xtiana;
1909 2805 1986 2858 qui

186 2886 304 2927 enim
342 2887 604 2940 expressiori
641 2889 772 2930 modo
801 2895 846 2931 et
875 2889 1058 2943 planiori
1090 2889 1191 2931 stilo
1228 2903 1316 2931 non
1351 2889 1591 2942 loquuntur
1620 2884 1796 2939 populo,
1829 2884 1985 2927 ‘nichil

1024 2968 1055 2998 A
1076 2972 1102 2999 a
1126 2970 1148 2998 2
