2456 3210
506 254 557 293 14
999 245 1130 282 LOCJ
1165 244 1204 279 E
1243 244 1408 280 LIBRO
1458 243 1659 279 VERJTA
1670 234 1801 280 TUM.

502 390 561 432 ibi
603 391 646 432 in
684 403 806 432 sacra
838 388 1095 444 Theologia,
1133 394 1177 430 et
1209 402 1287 443 per
1319 394 1463 429 totum
1500 393 1676 441 ternpus
1712 387 1827 428 illius
1864 386 2089 441 regeneiae,
2121 399 2200 429 nec
2230 399 2309 441 per

501 478 677 525 tempus
725 484 814 524 quo
861 470 983 511 stetit
1031 468 1313 511 cancellarius
1360 467 1476 509 illius
1517 466 1828 528 Universitatis
1872 467 1993 508 nulla
2035 480 2223 522 persona
2264 467 2308 510 in

502 550 669 604 Anglia
706 549 867 604 optulit
903 550 942 591 ei
984 548 1213 591 ecclesiam
1249 548 1442 602 aliquam
1477 561 1556 589 nec
1597 547 1882 601 praebendam
1924 561 2004 589 nec
2044 547 2309 602 dignitatem

503 644 582 676 nec
613 631 916 684 episcopatum
948 643 1028 671 nec
1059 629 1236 683 aliquod
1273 627 1618 670 ecclesiasticum
1649 628 1767 668 unde
1799 634 1950 682 posset
1981 627 2128 670 vivere
2161 633 2210 669 ut
2240 641 2310 669 sa-

502 711 657 752 cerdos
686 710 756 751 vel
786 717 835 752 ut
865 710 1105 763 graduatus
1136 709 1328 760 clericus,
1359 708 1435 749 sed
1466 708 1579 749 vixit
1610 714 1706 749 toto
1737 707 1822 750 hoc
1854 714 2055 763 ternpore
2090 708 2146 749 de
2174 707 2310 762 parvo

502 805 582 832 suo
622 791 886 845 patrimonio
925 789 1158 844 temporali
1199 789 1255 830 ad
1297 789 1416 842 quod
1458 795 1587 830 natus
1627 787 1720 839 fuit,
1754 802 1806 830 eo
1847 789 1965 842 quod
2007 787 2123 831 filius
2158 788 2311 831 unicus

485 853 584 912 “fuit
610 871 652 911 in
680 878 822 911 morte
842 870 979 924 patris
1001 869 1092 911 sui:
1126 875 1169 911 et
1201 869 1312 919 novi,
1334 850 1513 922 qua'ndo
1545 869 1704 910 eodem
1732 874 1931 923 tempore
1958 882 2047 922 quo
2075 867 2311 922 praedictus

504 951 659 991 doctor
701 950 783 991 fuit
828 949 1111 991 cancellarius
1163 949 1354 991 Oxoniae
1398 949 1441 1007 in
1493 962 1655 1003 magna
1701 948 1820 990 fama
1869 948 2068 990 scienciae
2117 954 2162 990 et
2205 948 2311 991 boni

504 1030 725 1084 regiminis
766 1031 879 1071 inter
918 1029 1131 1080 homines,
1174 1029 1293 1082 quod
1335 1029 1449 1070 inter
1489 1035 1658 1070 ceteros
1702 1029 1881 1082 indigne
1921 1034 2159 1082 promotos,
2199 1041 2311 1069 unus

503 1110 649 1152 fatuus
681 1109 874 1164 juvenis¹
908 1110 1013 1163 xviij
1037 1122 1253 1151 annorum
1290 1110 1332 1150 in
1371 1114 1512 1167 aetate·
1537 1108 1740 1151 'existens
1773 1108 1855 1150 fuit
1891 1114 2118 1163 promotus
2152 1109 2210 1150 ad
2246 1107 2307 1162 xij
2374 1116 2381 1120 “

505 1191 750 1244 prebendas
780 1196 825 1232 et
855 1190 911 1231 ad
945 1203 1155 1244 magnum
1191 1189 1594 1232 archidiaconatum
1631 1195 1808 1232 centum
1849 1189 2056 1231 librarum
2089 1189 2132 1230 in
2164 1188 2312 1231 valore

506 1277 550 1312 et
586 1270 643 1312 ad
685 1284 816 1311 unam
852 1284 1058 1324 magnam
1095 1270 1337 1321 rectoriam,
1372 1275 1416 1311 et
1452 1283 1565 1311 unus
1597 1269 1802 1312 secularis
1837 1269 1973 1311 homo
2009 1270 2174 1323 recepit
2214 1269 2312 1311 red-

505 1351 624 1392 ditus
654 1352 851 1392 omniurn
882 1350 1195 1392 beneficiorum
1230 1351 1542 1404 praedictorum
1574 1356 1619 1392 et
1650 1351 1866 1405 expendit
1896 1337 2017 1392 circa⁴
2038 1349 2162 1391 illum
2188 1348 2314 1403 juve-

507 1444 608 1472 nem
634 1437 806 1472 tantum
829 1437 1043 1484 quantum
1070 1431 1163 1484 ipse
1189 1430 1392 1472 secularis
1413 1430 1564 1482 voluit,
1586 1437 1631 1473 et
1652 1443 1879 1484 nunquam
1900 1430 2023 1473 dedit
2044 1436 2313 1484 compotum,

488 1517 552 1552 -et
593 1510 666 1552 ille
701 1511 873 1563 juvenis
912 1511 994 1553 fuit
1035 1511 1148 1553 filius
1185 1512 1312 1552 unius
1348 1511 1565 1566 simplicis
1597 1511 1748 1553 militis
1788 1516 1833 1552 et
1874 1510 1996 1564 quasi
2034 1510 2190 1562 fatuus,
2223 1510 2314 1553 fere

510 1590 708 1644 quolibet
739 1591 809 1632 die
838 1591 993 1640 ebrius,
1014 1605 1145 1645 quem
1168 1591 1228 1632 sic
1255 1591 1445 1646 episcopi
1467 1596 1791 1646 promoverunt,
1812 1597 1861 1633 ut
1889 1589 2111 1645 placerent
2138 1590 2317 1633 cuidam,

489 1684 672 1724 „magno
713 1671 892 1712 domino
938 1672 1161 1713 mundano
1202 1685 1302 1712 cum
1343 1685 1431 1725 quo
1472 1671 1544 1714 ille
1579 1671 1754 1725 juvenis
1794 1671 1838 1712 in
1878 1676 1997 1712 statu
2038 1670 2191 1725 puerili
2232 1670 2315 1713 fuit

508 1750 639 1798 lusor,
674 1757 719 1792 et
757 1751 880 1793 stetit
916 1752 959 1792 in
1001 1752 1283 1805 promocione
1319 1751 1489 1793 illarum
1521 1751 1841 1806 prebendarum
1877 1757 1922 1792 et
1954 1750 2069 1792 illius
2099 1749 2313 1792 archidia-

509 1835 692 1872 conatus
723 1844 800 1884 per
827 1845 895 1871 xx
921 1844 1059 1872 annos
1088 1831 1188 1882 fere,
1211 1832 1254 1872 in
1286 1832 1443 1885 quibus
1470 1844 1694 1885 nunquam
1723 1830 1806 1873 fuit
1836 1831 1880 1873 in
1907 1831 2046 1884 gradu
2075 1830 2314 1873 sacerdocii

510 1918 590 1952 n'ec
630 1909 789 1951 habilis
825 1910 1061 1963 judicatus,
1098 1917 1146 1952 ut
1187 1912 1325 1965 possit
1366 1925 1462 1954 esse
1506 1912 1720 1962 sacerdos,
1765 1923 1846 1951 nec
1886 1922 2079 1964 unquam
2121 1909 2314 1952 residens

511 1989 595 2032 fuit
622 1990 666 2031 in
695 1989 844 2044 aliqua
874 2004 952 2031 sua
981 1990 1219 2044 praebenda
1250 2005 1328 2032 nec
1359 1992 1402 2032 in
1434 1990 1789 2033 archidiaconatu
1821 2002 1900 2031 nec
1931 1989 1975 2030 in
2006 1989 2202 2038 rectoria,
2234 1989 2314 2055 sed

510 2070 659 2111 omnia
698 2069 872 2111 fuerunt
909 2083 1057 2112 secum
1095 2072 1347 2125 dispensata
1382 2072 1451 2114 vel
1493 2071 1705 2125 dissipata
1745 2084 1771 2111 a
1813 2069 1919 2111 sede
1961 2069 2177 2121 Romana,
2213 2083 2313 2124 quae

511 2150 735 2204 quondam
776 2150 858 2191 fuit
899 2157 1039 2191 mater
1080 2164 1270 2192 errorum
1313 2158 1357 2194 et
1398 2151 1761 2206 supersticionum
1802 2155 1851 2190 ut
1894 2154 2082 2191 testatur
2123 2149 2315 2192 Sanctus

515 2230 609 2272 L'eo
645 2244 761 2285 papa
798 2231 841 2271 in
876 2243 1076 2271 sermone
1109 2245 1188 2271 suo
1224 2232 1280 2272 de
1316 2232 1509 2273 martirio
1543 2230 1896 2272 beatissimorum
1933 2229 2233 2282 apostolorum
2269 2235 2315 2272 et

516 2310 743 2351 martirum
772 2309 888 2351 Petri
910 2315 954 2350 et
981 2309 1115 2351 Pauli.
1180 2311 1292 2353 Haec
1320 2312 1531 2366 praedicta
1559 2323 1654 2352 esse
1673 2322 1776 2351 vera
1803 2322 1886 2362 ego
1914 2309 2069 2351 doctor
2088 2308 2184 2351 haec
2210 2310 2314 2352 scri-

514 2390 623 2431 bens
654 2390 754 2431 novi
786 2396 830 2431 et
862 2389 1063 2431 dolenter
1092 2390 1186 2432 haec
1217 2405 1335 2445 saepe
1361 2390 1561 2445 cogitavi,
1582 2390 1765 2431 credens
1793 2388 1981 2442 plurima
2010 2389 2203 2444 poenalia
2233 2390 2314 2431 im-

516 2470 680 2511 minere
711 2469 907 2512 ecclesiae
935 2469 979 2510 in
1007 2483 1095 2523 qua
1122 2471 1250 2512 turba
1278 2471 1530 2512 dominatur
1553 2469 1742 2523 plurium
1774 2468 2003 2510 malorum.
2063 2469 2165 2523 Jam
2196 2469 2314 2511 enim

518 2551 709 2604 episcopi
751 2549 925 2605 publice
960 2550 1111 2590 dicunt
1146 2551 1263 2604 quod
1298 2563 1385 2591 non
1421 2556 1625 2592 tenentur
1656 2549 1903 2603 praedicare,
1937 2555 1981 2591 et
2012 2549 2107 2603 jam
2141 2548 2314 2604 publice

517 2631 680 2682 dicunt,
702 2630 821 2684 quod
855 2629 1039 2684 quilibet
1072 2635 1212 2671 rector
1238 2630 1307 2672 vel
1341 2630 1525 2671 vicarius
1558 2634 1625 2670 est
1660 2643 1758 2670 vere
1792 2629 1986 2670 residens
2022 2629 2064 2670 in
2098 2643 2176 2671 sua
2212 2643 2315 2671 cura

518 2710 552 2749 si
595 2711 651 2751 sit
687 2711 730 2752 in
766 2711 900 2752 domo
937 2709 1127 2764 episcopi
1159 2709 1226 2750 vcl
1265 2710 1307 2750 in
1345 2709 1492 2763 aliquo
1533 2709 1675 2750 officio
1717 2709 1903 2751 limitato
1938 2723 2016 2763 per
2048 2710 2347 2764 episcopums·

816 2802 822 2821 ¹
848 2799 919 2831 The
936 2810 1050 2840 person
1068 2799 1203 2830 referred
1223 2804 1257 2831 to
1274 2809 1340 2830 was
1359 2800 1384 2830 F
1387 2799 1463 2830 ulke
1481 2798 1722 2841 Bermingham.
1768 2800 1827 2830 See
1845 2799 1891 2832 Le
1907 2800 2008 2831 Neve.
