2456 3210
723 332 856 368 LOCI
890 331 929 366 E
966 332 1133 368 LIBRO
1178 333 1382 368 VERITA
1392 333 1526 369 TUM.
1949 340 2027 382 171

225 476 393 520 senciat
425 482 470 518 et
505 476 668 530 scripto
699 489 780 517 suo
814 477 1028 518 concedat
1064 476 1199 519 talem
1230 477 1457 519 hominem
1493 476 1716 531 provisum
1753 490 1831 531 per
1865 491 2030 531 papam

223 557 519 612 provisionem
546 570 675 611 papae
700 556 910 611 accipere,
932 562 977 598 et
1003 556 1127 598 illam
1147 557 1325 611 exequi.
1370 557 1521 599 Aliter
1544 557 1743 611 provisus
1767 571 1846 611 per
1865 571 2031 611 papam

224 639 270 680 in
306 639 609 694 episcopatum
642 635 713 678 vel
745 637 790 678 in
820 637 1086 679 decanatum
1108 638 1312 692 ⁴aliquem
1342 638 1388 679 in
1419 652 1555 693 regno
1588 638 1767 680 incurrit
1796 638 1841 679 in
1872 652 2030 691 poenas

224 720 379 762 statuti
415 718 594 773 Angliae
629 718 735 760 editi
768 724 922 760 contra
961 719 1254 773 provisionem
1284 733 1415 774 papae
1446 719 1652 770 Romani,
1683 726 1730 762 et
1758 719 1795 760 si
1830 720 2030 773 provisus

223 814 304 855 per
345 814 509 855 papam
551 799 714 841 habent
744 813 1007 842 consensum
1043 800 1177 855 regni,
1218 807 1264 843 et
1303 802 1420 855 regis
1459 800 1688 842 licenciam
1727 800 1949 854 scriptam,
1985 806 2030 842 et

222 881 472 936 sigillatam,
508 881 566 923 ad
597 881 920 934 acceptandum
957 888 1003 923 et
1037 882 1095 923 ad
1130 882 1435 936 accipiendum
1476 882 1771 936 provisionem
1808 888 1854 923 et
1893 881 2029 923 colla·

222 962 395 1004 cionem
427 975 556 1016 papae
590 962 781 1003 Romani
812 961 996 1015 alicujus
1034 962 1314 1017 episcopatus
1346 963 1420 1004 vel
1449 962 1678 1017 dignitatis
1711 961 1784 1004 vel
1823 961 2028 1004 beneficii

223 1042 518 1091 ecclesiastici,
558 1048 664 1084 tunc
702 1042 765 1083 sic
804 1042 1003 1095 provisus
1043 1056 1124 1096 per
1160 1056 1325 1097 papam
1368 1057 1458 1084 non
1499 1043 1679 1084 incurrit
1718 1043 1764 1083 in
1807 1048 2026 1084 statutum

222 1123 511 1178 provisionis3
554 1128 600 1164 et
634 1129 742 1163 nota
772 1122 906 1176 quod,
942 1122 987 1162 in
1019 1128 1220 1177 tempore
1254 1136 1383 1178 papae
1418 1122 1634 1176 Johannis
1666 1121 1747 1171 225,
1783 1136 1902 1176 papa
1936 1136 2026 1164 non

222 1203 425 1258 providet
458 1216 539 1244 nec
576 1202 745 1244 confert
781 1202 1084 1256 episcopatum
1125 1202 1253 1244 alicui
1289 1203 1335 1244 in
1368 1202 1549 1258 Anglia,
1589 1203 1671 1244 nisi
1713 1203 1786 1244 ille
1825 1203 2026 1257 provisus

221 1283 367 1325 solvat
399 1290 485 1335 500
515 1281 586 1323 vel
617 1282 739 1323 mille
771 1296 939 1324 marcas
973 1296 1102 1336 papae
1143 1289 1188 1324 et
1224 1283 1355 1324 curiae
1388 1284 1620 1332 Romanae,
1654 1289 1700 1324 et
1733 1284 1932 1337 pecuniae
1963 1284 2025 1324 sic

221 1364 381 1406 Romae
414 1363 571 1405 solutae
604 1369 844 1417 antequam
878 1363 1036 1417 aliquis
1071 1363 1129 1404 sit
1158 1364 1385 1405 ordinatus
1415 1364 1460 1405 in
1494 1364 1751 1418 episcopum
1781 1364 1827 1404 in
1856 1363 2026 1417 Anglia

218 1450 432 1486 vocantur
466 1443 626 1484 Romae
659 1451 837 1494 annata‚
870 1458 980 1497 quas
1020 1444 1227 1498 pecunias
1267 1457 1348 1485 nos
1386 1444 1570 1498 Anglici
1608 1457 1818 1486 vocamus
1856 1444 2025 1497 primos

219 1524 396 1566 fructus.
455 1524 650 1565 Domine
685 1524 820 1573 Deus,
853 1524 1019 1578 respice
1058 1525 1116 1565 de
1155 1524 1269 1565 coelo
1309 1530 1356 1566 et
1393 1524 1496 1566 vide
1537 1530 1583 1565 et
1622 1524 1753 1566 visita
1792 1524 2022 1566 ecclesiam

217 1605 358 1646 vineae
397 1610 498 1655 ωε,
537 1604 612 1658 qui
651 1604 884 1659 singularis
918 1604 1035 1646 ferus
1070 1604 1323 1658 cupiditatis
1364 1610 1410 1646 et
1448 1604 1649 1647 avariciae
1688 1604 1902 1658 depastus
1941 1610 2021 1654 est,

221 1684 250 1726 i.
265 1698 304 1726 e.
333 1685 535 1734 vastavit,
564 1689 690 1726 eam!

332 1765 504 1816 Romae,
539 1765 584 1805 in
616 1770 819 1819 tempore
858 1765 1045 1819 Eugenii
1085 1778 1214 1818 papae
1249 1765 1405 1818 quarti,
1436 1765 1695 1820 praedicavit
1730 1771 1895 1807 sanctae
1927 1779 2019 1806 me-

216 1845 368 1886 moriae
398 1845 662 1899 praedicator
694 1845 827 1887 frater
855 1845 1055 1886 Thomas
1084 1845 1142 1886 de
1174 1844 1322 1894 Calva,
1340 1844 1474 1899 juxta
1504 1846 1753 1900 Neapolim,
1777 1845 2021 1888 Carmelita

217 1924 352 1966 frater
384 1925 429 1966 in
461 1925 663 1979 Neapoli,
697 1931 743 1967 et
779 1925 938 1966 Romae
973 1925 1229 1979 praedicavit
1263 1933 1416 1968 contra
1450 1927 1614 1968 abusus
1645 1926 1778 1968 curiae
1811 1940 1941 1980 papae
1974 1932 2020 1967 et

216 2004 514 2054 cardinalium,
556 2011 603 2047 et
651 2011 805 2047 contra
855 2005 1118 2059 Symoniam
1169 2019 1332 2054 eorum,
1375 2013 1421 2048 et
1472 2007 1697 2062 quomodo
1748 2007 2018 2061 poenitentes

217 2085 377 2125 Romae
406 2090 453 2126 et
480 2084 637 2127 flentoe
664 2099 745 2140 pro
774 2085 864 2127 suis
893 2086 1084 2139 peccatis
1114 2099 1202 2127 non
1232 2086 1519 2129 absolvuntur
1548 2088 1620 2138 ibi,
1640 2088 1722 2129 nisi
1752 2087 1927 2128 solvant
1957 2086 2017 2126 ibi

214 2165 436 2219 pecunias,
468 2170 515 2207 et
553 2166 779 2235 quomodo
812 2171 1046 2220 argentum
1081 2172 1128 2207 et
1160 2179 1315 2207 aurum
1346 2166 1540 2209 clamant
1570 2168 1741 2217 Romae,
1772 2169 1782 2187 ‘
1800 2165 1907 2208 Sine
1942 2180 2015 2207 me

214 2243 348 2285 nichil
379 2245 564 2297 potestis
593 2244 735 2287 facere
751 2244 780 2285 !’
821 2253 867 2288 et
900 2246 990 2287 duo
1023 2246 1267 2287 cardinales
1297 2246 1467 2296 Romae,
1501 2247 1597 2289 haec
1636 2247 1879 2294 audientes,
1913 2246 2016 2287 dix-

215 2330 342 2365 erunt
375 2336 476 2364 eum
506 2322 760 2367 haereticum
796 2340 902 2378 esse,
933 2340 986 2367 eo
1021 2326 1141 2380 quod
1173 2326 1270 2368 haec
1297 2340 1402 2368 vera
1434 2327 1690 2382 praedicavit
1720 2333 1873 2367 contra
1902 2325 2015 2367 vicia

214 2405 344 2446 curiae
375 2403 501 2454 iuius,
530 2410 576 2446 et
603 2405 800 2449 fecerunt
830 2421 930 2448 eum
962 2407 1159 2448 comburi
1189 2407 1233 2447 in
1261 2407 1438 2459 cineres,
1468 2415 1515 2450 et
1543 2408 1708 2449 cineres
1738 2405 1831 2459 ejus
1860 2405 2013 2447 statim

213 2484 380 2525 faciunt
407 2483 628 2534 miracula,
651 2493 697 2528 et
726 2489 1033 2529 custodiuntur
1062 2488 1107 2528 in
1134 2487 1231 2529 Ara
1261 2488 1403 2540 Coe1i3
1445 2495 1491 2531 et
1521 2487 1721 2543 praedicti
1751 2487 1840 2528 duo
1872 2486 2014 2527 cardi-

213 2564 335 2605 nales
367 2563 485 2605 mala
518 2572 672 2617 morte,
703 2573 755 2609 ut
787 2570 1004 2623 apparuit,
1037 2569 1197 2610 eodem
1236 2582 1365 2619 anno,
1399 2583 1488 2623 quo
1525 2570 1598 2610 ille
1629 2567 1883 2610 combustus
1917 2566 2011 2618 fuit,

212 2644 444 2695 obierunt3
485 2657 671 2697 quorum
705 2661 830 2699 unus,
858 2649 1085 2701 Johannes
1125 2649 1368 2699 cardinalis,
1400 2650 1517 2692 tituli
1559 2647 1711 2691 Sancti
1745 2646 1925 2687 Martini
1965 2646 2010 2687 in

214 2723 456 2773 Montibus,
489 2724 646 2765 eodem
676 2739 792 2768 anno
826 2728 1029 2770 inventus
1068 2735 1136 2770 est
1176 2728 1222 2769 in
1260 2743 1341 2771 suo
1381 2730 1498 2771 lecto
1538 2728 1684 2769 subito
1722 2732 1930 2778 mortuus,
1964 2732 2011 2768 et

211 2803 335 2852 alter,
371 2802 602 2844 cardinalis
632 2803 879 2860 Gregorius,
913 2809 1030 2850 tituli
1062 2808 1216 2850 Sancti
1257 2809 1450 2861 Eusebii,
1490 2808 1645 2849 incidit
1683 2806 1727 2847 in
1762 2805 2009 2847 amenciam

212 2889 258 2924 et
287 2882 486 2924 currebat
515 2883 698 2926 demens
727 2885 773 2927 in
801 2888 882 2929 viis
914 2889 1082 2939 Romae,
1112 2896 1156 2930 et
1186 2890 1449 2932 ostendebat
1478 2900 1612 2929 anum
1643 2899 1771 2928 suum
1796 2892 1841 2928 et
1868 2886 2010 2929 virilia

1076 2967 1100 2998 z
1123 2969 1147 2998 2
