2456 3210
583 231 715 267 LOCI
749 232 788 266 E
827 232 994 267 LIBRO
1039 231 1386 268 VERJTATUM.
1812 236 1893 279 105

86 377 271 420 canaan
309 377 531 431 praedixit,
572 378 677 431 quia
716 378 761 418 in
801 378 957 432 spiritu
995 378 1118 420 novit
1157 378 1278 432 quod
1319 383 1435 419 esset
1474 377 1673 419 imitator
1718 377 1893 431 paterni

84 457 270 509 sceleris,
293 471 353 500 sc.
380 456 504 509 Cain,
523 458 598 511 qui
626 458 719 500 risit
745 458 900 500 videns
925 459 1118 501 verenda
1146 458 1288 513 patris
1314 459 1380 499 sui
1409 457 1511 499 Noe
1540 458 1671 508 nuda,
1692 464 1738 500 et
1766 463 1894 511 patet

84 537 273 582 Genesis
293 552 411 580 nono
431 542 513 580 ca0.
530 555 541 589 ;
571 551 676 592 ergo
697 539 959 581 maledictus
979 547 1047 582 est
1066 554 1094 582 a
1114 539 1311 581 Domino
1333 553 1422 580 non
1442 539 1586 580 solum
1602 538 1677 592 qui
1699 552 1752 580 ea
1770 537 1894 580 videt

84 620 146 662 ad
174 619 520 661 delectacionem
549 618 725 670 malam,
756 621 835 661 sed
865 620 1005 662 eciam
1036 621 1200 681 quiea
1229 619 1425 661 ostendit
1454 619 1530 660 illa
1559 619 1617 660 de
1647 632 1805 670 causa;
1847 624 1893 660 et

85 701 187 743 ideo
215 700 406 743 Sanctus
427 699 646 742 Martinus
672 700 896 754 prohibuit
923 702 1031 743 talia
1058 702 1238 744 revelari
1263 702 1308 743 in
1335 715 1424 743 uno
1452 714 1578 742 servo
1605 714 1685 742 suo
1709 700 1893 741 sedente

82 780 215 835 iuxta
244 781 406 835 ignem,
435 786 486 822 ut
513 787 639 835 patet
669 780 714 822 in
743 782 836 823 vita
865 796 957 824 sua.

205 861 335 912 Item,
364 861 585 902 Dominus
613 861 848 915 prohibuit,
878 862 1065 904 Levitici
1095 867 1183 912 20⁰,
1214 862 1322 904 talia
1351 862 1551 904 membra
1581 861 1769 903 ostendi.

203 939 332 989 Item,
353 939 506 981 Adam
533 947 579 982 et
610 939 707 982 Eva
737 947 839 994 post
868 949 1100 995 peccatum
1130 956 1259 983 suum
1289 942 1606 983 erubescebant
1631 941 1783 982 videre
1812 954 1892 982 sua

85 1021 263 1076 propria
297 1021 497 1063 membra
528 1027 707 1071 secreta,
738 1028 783 1063 et
818 1022 919 1063 ideo
955 1022 1029 1064 illa
1064 1023 1275 1078 tegebant
1308 1014 1424 1064 foliis
1459 1022 1635 1070 ficuum,
1675 1026 1891 1062 noverunt

86 1102 206 1144 enim
232 1102 352 1156 quod
378 1114 533 1143 omnoe
558 1102 723 1156 posteri
753 1104 954 1158 concepti
980 1110 1024 1146 et
1054 1105 1146 1146 nati
1175 1118 1235 1145 ex
1265 1103 1351 1145 illis
1381 1103 1590 1145 membris
1621 1109 1767 1144 essent
1796 1101 1891 1142 nati

86 1182 133 1223 in
166 1188 351 1236 peccato
381 1181 590 1236 originali,
622 1190 668 1224 et
698 1184 820 1236 quod
859 1190 1006 1225 essent
1039 1184 1116 1225 filii
1150 1185 1238 1236 irae,
1268 1184 1295 1226 i.
1308 1197 1346 1225 e.
1379 1182 1738 1238 dampnacionis;
1777 1182 1890 1223 sicut

87 1275 169 1304 nos
199 1261 295 1316 jam
340 1275 492 1304 sumus
529 1268 635 1304 ante
672 1263 956 1316 baptismum,
997 1264 1078 1304 nisi
1126 1278 1185 1305 ex
1224 1265 1374 1318 gracia
1414 1263 1500 1304 Dei
1540 1262 1719 1317 speciali
1759 1261 1891 1303 fuerit

85 1342 237 1396 aliqua
258 1355 447 1397 persona
475 1343 697 1384 custodita
726 1344 839 1385 sicut
868 1344 1059 1386 creditur
1084 1345 1140 1385 de
1169 1345 1304 1386 beata
1329 1344 1483 1394 Maria,
1507 1356 1682 1396 semper
1710 1342 1889 1396 virgine,

85 1435 188 1477 quae
219 1421 303 1464 fuit
335 1421 400 1465 ita
429 1435 541 1476 pura
574 1422 619 1463 in
654 1422 748 1478 ejus
777 1424 956 1478 origine,
988 1430 1039 1465 ut
1067 1424 1271 1476 creditur,
1301 1437 1381 1478 per
1412 1424 1618 1478 graciam,
1648 1423 1761 1465 sicut
1792 1422 1891 1463 Eva

85 1503 181 1556 fuit,
209 1504 352 1558 prima
380 1503 548 1546 mulier.

200 1584 456 1626 Fornioecio
493 1590 643 1627 autem
677 1592 723 1627 et
761 1591 886 1627 actus
926 1586 1096 1640 copulae
1136 1586 1321 1628 carnalis
1362 1586 1467 1628 facit
1495 1585 1722 1627 hominem
1750 1583 1887 1625 besti-

83 1664 202 1707 alem
229 1671 277 1707 et
305 1665 596 1719 impotentem
626 1666 787 1707 mentis
817 1680 908 1707 suae
935 1667 1135 1720 propriae.

201 1745 329 1797 Item,
362 1758 451 1787 non
490 1746 705 1799 permittit
743 1746 970 1788 hominem
1010 1761 1090 1800 pro
1129 1753 1332 1801 tempore
1371 1747 1488 1788 illius
1527 1752 1655 1787 actus
1695 1745 1889 1798 cogitare

86 1825 208 1868 aliud
236 1839 371 1880 quam
399 1825 508 1868 illud
538 1827 584 1867 in
611 1841 702 1881 quo
731 1827 963 1869 carnaliter
992 1827 1250 1870 delectatur.

202 1905 331 1958 Item,
356 1920 445 1948 non
473 1907 691 1962 permittit
714 1907 940 1949 hominem
972 1909 1249 1951 considerare
1278 1909 1425 1951 futura
1455 1908 1583 1957 mala,
1608 1908 1653 1948 in
1679 1920 1780 1961 quae
1810 1919 1889 1960 per

88 1992 318 2040 peccatum
345 1999 474 2028 suum
503 1988 693 2039 incurrit,
722 1995 771 2030 ut
801 1995 926 2042 patet
955 1988 1092 2030 Lucae
1126 1993 1209 2041 15⁰,
1240 1990 1297 2031 de
1326 1989 1418 2031 filio
1448 1989 1650 2042 prodigo.

204 2067 333 2119 Item,
369 2073 521 2110 causat
558 2067 605 2109 in
649 2068 830 2110 homine
874 2069 1101 2123 passiones
1139 2070 1344 2112 arteticas
1384 2075 1429 2112 et
1469 2069 1567 2110 illas
1611 2067 1887 2109 infirmitates

88 2160 189 2202 quae
217 2153 452 2189 causantur
478 2162 539 2190 ex
566 2149 703 2190 nimia
732 2149 1017 2191 resolucione.

205 2226 334 2278 Item,
353 2234 505 2271 causat
523 2229 569 2270 in
587 2229 712 2283 prole
731 2236 947 2284 concepta
968 2230 1172 2271 morbum
1191 2230 1531 2281 haereditarium,
1547 2235 1592 2270 et
1612 2226 1886 2270 consimilem

88 2306 421 2349 inclinacionem
449 2314 496 2350 et
526 2309 876 2364 disposicionem,
906 2310 1048 2363 qualis
1081 2309 1164 2351 fuit
1194 2311 1238 2350 in
1271 2317 1523 2365 generante,
1552 2308 1623 2350 vel
1659 2308 1704 2348 in
1740 2307 1884 2348 conci-

88 2386 252 2441 piente,
282 2387 482 2440 quamvis
509 2388 622 2430 forte
654 2390 800 2443 proles
834 2403 1061 2443 nunquam
1095 2390 1243 2432 videat
1274 2397 1449 2444 patrem
1482 2403 1562 2431 nec
1594 2395 1792 2436 matrem,
1825 2399 1884 2427 ex

88 2479 179 2521 quo
215 2471 343 2520 patet
380 2467 500 2521 quod
528 2469 771 2524 >disposicio
810 2477 962 2512 manet
1005 2471 1050 2511 in
1092 2471 1273 2521 semine,
1313 2472 1429 2513 unde
1474 2477 1645 2524 patrem
1686 2467 1885 2521 sequitur

88 2559 170 2588 sua
198 2545 356 2600 proloe·

206 2626 335 2675 Item,
370 2638 459 2667 non
496 2626 602 2669 sinit
631 2627 858 2672 hominem
896 2643 1004 2684 pure
1039 2631 1232 2684 cogitare
1266 2646 1366 2685 quae
1402 2631 1487 2672 Dei
1527 2635 1629 2670 sunt
1669 2641 1747 2669 nec
1783 2642 1883 2682 quae

92 2705 239 2749 futura
267 2711 381 2756 sunt,
412 2711 458 2748 et
485 2705 548 2748 sic
575 2709 772 2762 sequitur
799 2724 858 2752 ex
889 2725 943 2752 eo
972 2712 1147 2754 caecitas
1177 2713 1338 2755 mentis
1370 2719 1413 2753 et
1444 2709 1647 2751 debilitas
1675 2708 1852 2751 cerebri.

205 2791 251 2835 [p-
272 2790 365 2835 5²6]
441 2790 718 2830 remim.
795 2790 947 2834 Bonus
986 2791 1236 2835 ’Willelmus
1280 2793 1336 2834 de
1384 2790 1617 2840 Cornubia,
1667 2789 1883 2833 heremita

842 2865 846 2867 “
973 2869 999 2900 Ρ
