2456 3210
659 261 791 298 LOCJ
824 260 863 296 E
901 261 1068 296 LIBRO
1114 260 1460 296 VERJTATUM.
1929 264 1955 308 3

267 409 321 456 [p.
346 412 418 455 38.]
469 406 583 450 Cum
618 413 715 449 tum
751 406 900 448 evidet
938 419 999 446 ex
1038 405 1211 460 magnis
1250 405 1485 447 evidenciis
1516 404 1637 459 quod
1670 403 1817 458 plures
1850 411 1953 446 sunt

151 497 297 538 poenae
331 487 495 530 debitae
530 489 574 530 in
604 488 772 542 judicio
807 487 892 528 Dei
927 501 1008 540 pro
1042 487 1236 541 peccatis
1270 500 1371 540 quae
1405 485 1698 540 indulgenciae
1732 498 1953 526 concessae

150 579 180 606 a
207 580 326 622 papa
355 582 436 610 nec
465 569 628 612 tollunt
658 583 739 610 nec
765 582 944 622 quoquo
975 569 1110 610 modo
1135 567 1292 610 tollere
1321 574 1517 622 possunt.

267 653 320 698 [p.
340 655 415 699 4²·]
466 650 580 692 Haec
614 650 824 705 magister
857 649 1053 702 Joannes
1089 649 1197 691 Scot
1231 649 1398 690 ordinis
1432 648 1615 690 fratrum
1651 648 1870 688 minorum
1907 653 1953 688 et

149 728 306 770 doctor
323 737 488 772 sanctae
507 730 755 785 theologiae,
776 737 906 771 natus
926 731 970 771 in
990 730 1095 771 villa
1114 737 1271 772 vocata
1291 730 1419 771 Duns
1440 730 1484 770 in
1507 729 1640 770 Boria
1659 727 1851 782 Angliae.

267 815 322 859 [p.
342 816 418 860 55.]
456 815 788 861 Appropriaeio
812 817 860 852 et
885 824 979 851 non
1003 814 1270 851 reddenoia.
1327 809 1483 863 Aliqui
1511 821 1737 862 nunquam
1756 806 1827 848 vel
1855 820 1953 848 raro

152 889 344 932 resident
375 891 420 933 in
454 893 542 933 suis
574 892 699 942 curis,
732 899 778 933 et
811 891 886 932 ille
916 891 986 932 cui
1021 890 1204 932 ecclesia
1238 896 1307 931 est
1340 889 1636 943 appropriata,
1673 894 1720 930 et
1754 887 1840 939 ille,
1875 887 1952 942 qui

153 983 241 1011 non
261 971 424 1013 residet
443 972 488 1012 in
509 986 573 1023 ω,
592 972 730 1014 semel
750 972 795 1012 in
821 985 939 1013 anno
959 972 1080 1012 venit
1106 971 1164 1012 ad
1191 983 1354 1020 curam,
1374 969 1446 1011 vel
1473 969 1611 1010 mittit
1634 969 1693 1010 ad
1721 968 1951 1010 ecclesiam

153 1049 198 1090 in
232 1049 320 1092 fine
357 1052 600 1106 autumpni,
630 1059 676 1094 et
710 1052 894 1106 impleta
926 1051 1058 1092 bursa
1089 1065 1169 1092 sua
1203 1051 1409 1105 pecuniis,
1441 1056 1486 1091 et
1524 1048 1716 1090 venditis
1754 1048 1952 1097 decimis,

152 1130 316 1172 recedit
346 1130 478 1186 longe
494 1130 535 1174 a
565 1146 668 1174 cura
699 1145 779 1174 sua
806 1133 850 1173 in
883 1132 1046 1173 curiam
1080 1131 1127 1172 in
1156 1145 1245 1184 qua
1272 1136 1403 1172 vacat
1433 1130 1628 1171 lucro*et
1658 1126 1851 1179 deliciis;
1895 1129 1955 1170 de

150 1224 239 1264 quo
270 1211 548 1254 verificantur
575 1213 710 1254 verba
749 1213 911 1267 scripta
945 1225 1024 1266 per
1054 1211 1341 1254 salamonem
1375 1209 1707 1264 proverbiorum
1744 1207 1803 1261 7⁰,
1836 1210 1847 1228 ‘
1863 1222 1952 1250 non

152 1297 220 1332 est
246 1291 313 1332 vir
330 1291 375 1332 in
402 1292 536 1334 domo
563 1307 655 1342 sua,
676 1291 786 1334 abiit
804 1293 876 1334 via
897 1292 1162 1346 longissima,
1183 1291 1406 1333 sacculum
1429 1290 1629 1344 pecuniae
1658 1302 1810 1330 secum
1833 1288 1950 1338 tulit,

151 1370 197 1411 in
226 1370 299 1412 die
327 1371 472 1425 plenae
499 1372 615 1414 lunae
644 1371 911 1415 reversurus'
942 1373 967 1414 i.
982 1387 1019 1414 e.
1049 1373 1094 1412 in
1123 1378 1367 1424 autumpno
1403 1369 1582 1424 quando
1616 1375 1686 1411 est
1719 1369 1953 1435 plenitudo

152 1450 398 1503 fructuum3
431 1485 441 1494 .
463 1485 473 1495 .
495 1485 506 1494 .
525 1452 628 1506 Jam
658 1454 776 1495 enim
806 1454 851 1494 in
878 1453 1045 1507 Anglia
1075 1452 1204 1506 periit
1234 1465 1337 1493 cura
1363 1451 1610 1492 animarum
1639 1463 1718 1504 per
1744 1449 1952 1491 ecclesias
2015 1479 2022 1490 -.

150 1532 468 1585 appropriatas,
498 1539 546 1575 et
572 1547 654 1588 per
682 1547 772 1576 non
802 1533 1089 1575 residenciam
1122 1538 1374 1574 curatorum
1403 1537 1450 1572 et
1483 1529 1766 1584 prelatorum,
1797 1535 1843 1571 et
1871 1542 1954 1583 per

151 1610 431 1665 indignorum
470 1614 799 1666 promocionem
839 1619 886 1655 et
919 1626 998 1667 per
1028 1611 1304 1666 pluralitates
1342 1610 1657 1652 beneficiorum
1696 1623 1774 1651 seu
1815 1609 1952 1650 male-

151 1686 360 1742 ficiorum,
382 1698 427 1733 et
447 1706 525 1747 per
544 1694 781 1747 pessimam
809 1693 1096 1736 collacionem
1122 1692 1284 1747 gradus
1306 1690 1524 1733 scolastici
1552 1696 1599 1732 et
1622 1691 1951 1732 concessionem

151 1771 396 1824 graciarum
425 1773 616 1827 indignis
645 1781 691 1816 et
719 1774 893 1816 viciosis
923 1780 967 1814 et
998 1772 1143 1814 insciis
1172 1771 1371 1826 personis
1400 1771 1446 1812 in
1475 1771 1666 1819 oxonia,
1699 1777 1745 1812 et
1774 1770 1819 1810 in
1854 1770 1952 1811 aliis

152 1846 321 1902 studiis,
353 1864 453 1905 quae
487 1852 670 1895 collacio
706 1854 823 1895 mala
857 1853 1074 1908 graduum
1113 1851 1442 1894 scolasticorum
1476 1864 1564 1892 non
1604 1851 1687 1892 erit
1726 1851 1952 1891 destructa

119 1978 127 1986 ι
153 1943 381 1985 quousque
414 1939 612 1985 potestas
641 1934 926 1988 dispensandi
955 1945 1055 1975 cum
1090 1933 1218 1974 bonis
1251 1932 1429 1974 statutis
1464 1930 1710 1973 retrahatur
1737 1944 1766 1971 a
1799 1943 1951 1983 regen-

154 2009 285 2059 tibus,
306 2017 351 2052 et
376 2025 404 2052 a
423 2014 775 2066 procuratoribus
797 2012 1117 2064 Universitatis,
1138 2012 1214 2066 qui
1242 2012 1434 2066 pessima
1457 2011 1707 2053 concedunt
1727 2023 1807 2064 pro
1827 2010 1950 2051 lucro

154 2091 435 2142 perveniente
447 2092 620 2134 'eisdem
640 2107 720 2148 per
738 2095 978 2147 graduatos
997 2098 1042 2134 et
1061 2092 1343 2146 graduandos
1363 2106 1442 2146 per
1461 2091 1654 2154 eosdem.

270 2168 461 2223 Quando
488 2186 575 2214 una
601 2173 812 2215 abbathia
831 2174 901 2215 vel
929 2173 1162 2227 collegium
1187 2179 1285 2214 orat
1309 2186 1391 2227 pro
1418 2173 1515 2226 ipso
1534 2171 1604 2213 vel
1632 2171 1739 2225 ipsis
1769 2169 1843 2223 qui
1872 2181 1949 2222 ap·

155 2249 436 2302 propriabant
457 2253 525 2299 ¹eis
552 2253 780 2295 ecclesiam
810 2253 1119 2308 parochialem,
1146 2267 1258 2293 unus
1286 2253 1517 2294 destruens
1546 2259 1614 2293 est
1644 2257 1766 2300 tota3
1803 2247 1951 2288 multi-

156 2327 340 2381 plicacio
370 2330 583 2374 malorum
612 2347 727 2387 quae
761 2340 997 2375 secuuntur
1027 2347 1086 2374 ex
1116 2332 1233 2374 mala
1268 2331 1631 2386 appropriacione
1667 2328 1950 2370 ecclesiarum

157 2406 468 2460 parochialium
510 2425 568 2453 sc.
608 2413 852 2455 destruccio
891 2413 1005 2462 cleri,
1038 2412 1284 2454 destruccio
1323 2412 1429 2453 boni
1468 2411 1616 2457 curati,
1651 2415 1695 2450 et
1726 2407 1948 2455 doctrinae‚

157 2493 204 2528 et
230 2487 336 2528 boni
366 2489 547 2540 concilii,
569 2498 616 2533 et
645 2493 852 2547 exempli,
874 2500 919 2534 et
949 2492 1278 2546 hospitalitatis,
1308 2499 1354 2534 et
1385 2490 1675 2533 exhibicionis
1706 2500 1949 2541 pauperum

157 2573 203 2608 et
232 2566 443 2619 juvenum
481 2570 540 2610 ad
579 2573 784 2614 studium.
866 2574 978 2614 Haec
1013 2579 1116 2614 sunt
1156 2572 1274 2613 mala
1312 2585 1413 2626 quae
1452 2575 1689 2611 secuuntur
1722 2566 1951 2620 appropri-

157 2647 371 2695 acionem,
393 2653 439 2688 et
465 2649 694 2692 destruunt
718 2659 764 2693 et
790 2653 1037 2707 impediunt
1063 2653 1230 2694 bonum
1261 2653 1382 2706 quod
1411 2651 1486 2691 alii
1514 2654 1670 2702 optant
1692 2646 1753 2686 illi
1780 2645 1948 2686 homini

157 2726 233 2780 qui
274 2725 478 2768 ecclesias
517 2731 786 2791 appropriari
826 2732 929 2774 fecit
972 2747 1049 2774 seu
1089 2732 1360 2787 appropriari
1401 2729 1630 2777 consensit‚
1667 2732 1712 2767 et
1752 2725 1950 2767 defectus

158 2819 344 2859 sequens
372 2820 450 2860 per
475 2809 877 2862 appropriacionem
903 2813 1016 2853 inter
1043 2812 1331 2866 parochianos
1363 2816 1552 2851 meretur
1579 2809 1721 2861 ipsum
1747 2805 1949 2848 maledici

1015 2890 1041 2921 Β
1065 2892 1087 2922 2
