2456 3210
449 251 531 294 232
899 246 1197 282 EXCERPTA
1236 247 1275 282 E
1304 247 1431 282 MSS.
1466 246 1802 285 GASCOIGNII.

1017 390 1095 431 Ad
1127 390 1291 432 calcem
1323 389 1521 444 ejusdem
1554 389 1654 433 MS.

563 493 701 535 Anno
733 493 813 535 Xti
847 500 969 548 1455,
1000 498 1075 535 22⁰
1105 493 1179 535 die
1210 493 1330 544 Maii,
1365 493 1495 534 occisi
1526 493 1702 535 fuerunt
1732 494 1776 535 in
1810 493 1929 535 bello
1963 499 2073 548 aput
2100 491 2250 535 villam

448 572 601 616 Sancti
632 573 811 624 Albani,
844 574 888 615 in
918 574 1158 628 praesencia
1189 573 1369 615 Henrici
1393 572 1463 615 viti
1494 573 1608 628 regis
1637 573 1829 629 Angliae,
1862 573 2126 615 Edmundus
2156 574 2251 615 dux

448 653 740 706 Somersetiae‚
773 660 818 696 et
850 654 1070 696 Henricus
1101 654 1235 696 Perce
1262 667 1410 696 comes
1445 654 1787 707 Northumbriae,
1817 660 1862 697 et
1891 654 2097 696 dominus
2128 652 2251 708 Clys-

447 734 576 786 forth,
606 749 686 789 per
715 735 946 777 dominum
978 735 1219 778 Ricardum
1250 735 1408 777 ducem
1439 735 1641 787 Eboraci,
1672 732 1717 778 et
1747 735 1977 777 dominum
2010 735 2251 777 Ricardum

446 815 589 857 Nevel
610 816 817 857 comitem
840 814 1012 867 Sarum,
1035 821 1081 857 et
1101 815 1332 857 dominum
1361 816 1602 857 Ricardum
1627 816 1770 858 Nevel
1797 816 2005 858 comitem
2029 813 2251 870 Warwyk,

446 895 521 950 qui
551 895 633 937 fuit
663 895 777 938 filius
808 903 852 938 et
882 896 1022 938 haeres
1052 896 1249 950 ejusdem
1281 896 1454 939 comitis
1487 896 1658 939 Sarum.

565 1045 617 1086 In
648 1045 735 1087 fine
762 1044 863 1087 MS.
886 1045 932 1088 S.
960 1045 1203 1100 Augustini
1233 1046 1291 1088 de
1320 1045 1512 1089 Civitate
1543 1046 1640 1095 Dei,
1670 1046 1714 1087 in
1748 1046 1860 1088 Bibl.
1894 1045 2004 1087 Bod.
2042 1045 2250 1088 asservati

448 1125 558 1168 Bod.
588 1125 725 1168 MSS.
753 1124 848 1178 198.

1133 1193 1244 1236 Mlmo
1273 1200 1422 1238 cccc¹¹³¹¹o
1451 1196 1562 1238 xlv0.

561 1286 699 1329 Anno
734 1287 981 1329 Dominicae
1017 1287 1341 1330 Incarnacionis
1378 1293 1519 1343 14450,
1556 1301 1639 1343 ego
1669 1288 1878 1343 magister
1908 1287 2107 1330 Thomas
2138 1286 2250 1331 Gas-

447 1368 613 1422 coigne,
638 1368 930 1410 Eboracensis
953 1368 1153 1416 diocesis,
1180 1368 1242 1409 fui
1273 1369 1449 1421 electus,
1477 1383 1556 1423 per
1585 1368 1643 1423 iiij
1675 1370 1878 1411 doctores
1902 1382 2037 1411 sacrae
2057 1368 2250 1411 Theolo-

446 1449 530 1503 giae
552 1448 808 1501 Londoniis,
829 1449 873 1490 in
904 1455 1118 1491 rectorem
1141 1449 1295 1492 Sancti
1318 1450 1438 1492 Petri
1459 1450 1517 1491 de
1547 1447 1752 1500 Cornhul,
1774 1455 1829 1501 et,
1857 1455 1959 1503 post
1990 1449 2249 1491 electionem

446 1528 656 1581 habitam,
693 1529 833 1584 major
871 1530 1059 1573 civitatis
1100 1530 1435 1580 Londoniensis,
1477 1529 1762 1581 aldermanni,
1796 1535 1841 1571 et
1881 1530 1997 1571 cives
2037 1529 2251 1572 miserunt

447 1608 579 1651 michi
615 1610 1005 1664 praesentacionem
1042 1611 1100 1652 ad
1141 1611 1327 1652 eandem
1363 1609 1606 1652 ecclesiam.
1667 1610 1729 1651 Et
1768 1623 1862 1664 ego,
1894 1616 2000 1651 tunc
2039 1609 2248 1660 infirmus,

446 1691 670 1745 acceptavi
710 1691 1114 1744 praesentacionem,
1155 1705 1334 1745 sperans
1376 1705 1447 1732 me
1493 1690 1797 1733 convalescere
1847 1689 1946 1739 cito,
1989 1696 2034 1732 et
2082 1690 2248 1732 ibidem

446 1771 732 1825 personaliter
772 1772 971 1821 residere,
1008 1779 1051 1813 et
1092 1786 1226 1813 onera
1266 1772 1454 1827 pastoris
1494 1785 1574 1826 pro
1615 1785 1744 1825 posse
1785 1770 1978 1824 implere,
2010 1771 2079 1812 vel
2115 1773 2248 1826 resig-

446 1865 575 1893 nare:
617 1858 661 1893 et
697 1852 800 1905 quia
835 1853 974 1893 indies
1010 1853 1240 1894 infirmitas
1276 1853 1557 1903 continuavit,
1594 1852 1654 1894 ita
1687 1852 1806 1906 quod
1843 1851 1942 1893 illuc
1980 1852 2035 1893 de
2068 1850 2248 1894 Oxonia

445 1946 681 1987 properare
721 1946 809 1973 non
850 1933 985 1986 potui,
1021 1933 1133 1984 ideo,
1167 1948 1262 1987 ego,
1304 1934 1368 1974 M.
1395 1933 1593 1974 Thomas
1627 1931 1885 1986 Gascoigne,
1920 1933 2074 1974 doctor
2113 1947 2248 1975 sacrae

446 2012 715 2067 Theologiae,
756 2018 801 2054 et
841 2013 1122 2055 cancellarius
1158 2013 1361 2065 Oxoniae,
1397 2012 1610 2068 resignavi
1650 2011 1878 2054 ecclesiam
1917 2012 2051 2062 illam,
2089 2014 2247 2055 eodem

445 2107 574 2144 anno,
606 2094 650 2134 in
690 2094 763 2135 die
795 2093 947 2135 Sancti
985 2094 1170 2136 Mathiae
1205 2094 1409 2149 apostoli,
1441 2093 1725 2148 simpliciter3
1772 2092 1961 2136 Sanctus
2002 2093 2119 2136 enim
2153 2093 2247 2136 Ed-

446 2173 647 2226 mundus,
687 2172 1037 2228 archiepiscopus
1079 2174 1417 2226 Cantuariensis,
1458 2187 1682 2228 nunquam
1732 2174 1876 2216 tenuit
1929 2173 2159 2216 ecclesiam
2201 2174 2245 2215 in

446 2268 578 2296 manu
612 2268 703 2306 sua,
738 2254 818 2296 nisi
851 2255 1063 2308 quamdiu
1097 2254 1388 2309 personaliter
1419 2254 1478 2296 ibi
1514 2254 1557 2294 in
1588 2267 1692 2295 cura
1724 2254 1897 2306 resedit,
1930 2260 1980 2297 ut
2014 2261 2138 2309 patet
2167 2268 2247 2309 per

445 2335 705 2390 magistrum
732 2334 971 2376 Albertum
1002 2335 1305 2377 Lenosensem
1337 2335 1591 2390 episcopum
1623 2335 1667 2375 in
1696 2335 1787 2377 vita
1817 2335 1969 2378 Sancti
2003 2334 2241 2377 Edmundi.

448 2415 579 2457 Heu!
620 2415 734 2458 heu!
777 2415 880 2470 quia
919 2415 1123 2457 absencia
1157 2416 1263 2458 boni
1299 2416 1486 2469 pastoris
1526 2414 1651 2468 plura
1693 2415 1810 2458 mala
1848 2415 1953 2459 facit
1994 2422 2039 2458 et
2078 2421 2243 2465 causat,

445 2496 556 2538 sicut
586 2496 790 2539 absencia
821 2501 967 2537 nautae
999 2495 1042 2536 in
1074 2496 1197 2538 navi!
