2456 3210
638 262 771 299 LOCI
804 262 844 297 E
882 261 1050 297 LIBRO
1096 261 1297 297 VERITA
1306 261 1437 298 TUM.
1893 267 1943 312 13

139 407 305 450 ‘domini
346 416 467 461 1455,
507 406 613 461 ipsis
652 406 866 461 promotis
906 405 951 446 in
990 405 1174 448 ecclesia
1213 404 1503 446 retinentibus
1541 404 1692 446 omnia
1731 404 1945 447 beneficia

139 488 285 543 priora
332 501 413 542 per
454 486 682 529 licenciam
726 499 866 540 papae,
912 492 959 527 et
1001 485 1142 527 eciam
1186 485 1496 540 recipientibus
1541 499 1696 526 omnes
1737 486 1946 540 pecunias

139 568 411 623 episcopatui
451 573 571 609 certo
609 566 931 621 pertinentibus
961 563 1071 622 (sic),
1099 579 1189 607 non
1218 565 1424 608 obstante
1454 566 1574 620 quod
1609 579 1727 620 papa
1762 566 1946 607 mandat

140 648 204 689 eis
229 662 309 703 per
327 654 397 689 tot
424 660 564 689 annos
591 646 636 688 in
663 646 919 702 episcopum
946 659 1035 687 non
1066 646 1305 688 consecrari
1334 653 1514 701 propter
1533 645 1758 688 desectum
1786 646 1946 687 aetatis.

141 728 196 769 In
225 728 350 769 annis
379 727 575 782 pluribus
605 727 723 768 enim
752 726 937 777 videtur,
959 726 1078 779 quod
1108 726 1220 768 sicut
1249 740 1366 781 papa
1398 740 1486 768 non
1515 726 1760 768 licenciavit
1791 740 1867 767 eos
1896 732 1947 768 ut

140 821 221 862 per
242 808 437 849 diversos
455 820 596 848 annos
616 820 705 847 non
733 813 1093 847 consecrarentur
1110 806 1155 847 in
1176 808 1444 862 episcopum,
1471 806 1534 848 sic
1560 821 1648 848 non
1672 806 1947 848 licenciasset

138 901 219 929 eos
255 888 313 930 ad
354 886 650 942 recipiendum
690 886 900 941 pecunias
938 886 1055 927 illius
1094 887 1374 942 episcopatus
1413 901 1494 929 nec
1535 888 1594 929 ad
1630 886 1944 928 conserendum

140 967 355 1009 beneficia
383 966 667 1009 collocacioni
696 966 891 1020 episcopi
921 966 1006 1007 loci
1036 966 1152 1008 illius
1181 966 1489 1022 pertinencia¹.

255 1053 301 1097 [p.
335 1053 425 1095 291]
472 1050 690 1088 zeelem..
740 1046 889 1087 Roma
923 1047 1040 1087 enim
1076 1047 1306 1101 singularis
1338 1054 1383 1089 et
1415 1047 1665 1102 principalis
1699 1046 1815 1088 ferus
1848 1061 1947 1088 vas-

141 1128 254 1169 tavit
290 1126 464 1168 vinoem
513 1126 720 1177 ecclaeiae,
759 1125 1002 1167 elecciones
1044 1127 1351 1181 episcoporum
1396 1128 1478 1169 sibi
1524 1128 1630 1182 ipsis
1671 1128 1947 1177 reservando,

139 1214 191 1248 ut
224 1207 331 1249 nulli
365 1206 592 1249 conferant
625 1206 856 1248 ecclesiam
891 1206 1188 1261 episcopalem
1222 1207 1352 1250 alicui
1387 1207 1469 1249 nisi
1503 1209 1624 1262 prius
1658 1208 1833 1249 solvant
1868 1221 1947 1248 an-

142 1294 248 1329 nata
276 1301 352 1329 seu
382 1287 549 1341 primos
577 1286 774 1328 ecclesiae
803 1287 1001 1328 vacantis
1030 1286 1197 1328 fructus
1227 1294 1274 1330 et
1303 1288 1515 1330 redditus.
1576 1288 1692 1329 Item
1723 1288 1947 1329 destruxit

140 1367 315 1409 vinoem
349 1367 544 1409 ecclesiae
580 1367 679 1418 Dei,
711 1367 756 1407 in
790 1366 998 1420 pluribus,
1035 1367 1278 1409 elecciones
1316 1368 1517 1409 omnium
1554 1368 1860 1422 episcoporum
1902 1368 1947 1409 in

139 1446 310 1501 Anglia
328 1447 558 1488 cassando.
619 1447 735 1488 Item
756 1447 944 1488 destruit
965 1446 1195 1489 ecclesiam
1215 1448 1358 1490 malos
1378 1449 1680 1502 promovendo
1700 1448 1944 1490 secundum

138 1527 262 1582 quod
291 1541 372 1568 rex
401 1533 447 1569 et
476 1527 570 1581 ipse
593 1527 888 1569 consentiunt.
949 1527 1064 1568 Item
1094 1528 1242 1569 Roma
1269 1534 1319 1570 ut
1342 1528 1460 1570 ferus
1478 1528 1667 1570 vastavit
1694 1529 1739 1570 in
1763 1527 1850 1569 hoc
1875 1542 1947 1570 ec-

139 1607 295 1649 clesias
329 1608 450 1662 quod
483 1621 638 1649 omnes
674 1607 915 1649 elecciones
955 1608 1262 1662 episcoporum
1302 1609 1346 1649 in
1387 1607 1580 1650 ecclesiis
1615 1608 1946 1651 cathedralibus

141 1686 283 1729 factas
325 1687 523 1737 cassavit,
572 1688 810 1729 statuendo
856 1687 976 1741 quod
1017 1688 1167 1729 omnia
1211 1688 1453 1730 elecciones
1497 1689 1803 1743 episcoporum
1849 1702 1947 1742 per·

141 1767 314 1809 tinfflnt
342 1781 528 1809 camerae
557 1767 823 1822 apostolicae,
856 1768 883 1808 i.
898 1782 935 1809 e.
965 1767 1171 1809 eleccioni
1200 1782 1330 1823 papae
1361 1776 1407 1810 et
1436 1782 1612 1810 suorum
1643 1768 1945 1810 cardinalium.

143 1846 262 1888 Item
296 1848 418 1902 quod
451 1847 600 1890 Roma
638 1861 729 1889 non
763 1853 895 1890 vocat
928 1847 1121 1902 aliquem
1156 1849 1412 1902 episcopum
1446 1849 1529 1890 nisi
1569 1863 1702 1903 quem
1743 1862 1862 1903 papa
1902 1854 1948 1890 et

141 1926 385 1969 oerdinalae
434 1927 601 1981 eligunt
649 1927 695 1968 in
746 1928 1001 1982 episcopum
1046 1928 1117 1969 vel
1167 1928 1211 1970 in
1261 1928 1639 1983 archiepiscopum
1689 1928 1947 1983 praehabitis

144 2013 191 2047 et
223 2006 377 2048 solutis
410 2007 569 2048 Romae
599 2008 719 2062 prius
750 2008 962 2050 fructibus
993 2008 1183 2049 millibus
1215 2008 1503 2058 marcharum,
1536 2016 1581 2050 et
1614 2010 1753 2051 eciam
1791 2008 1948 2049 solutis

142 2085 307 2139 primis,
336 2086 363 2128 i.
372 2101 411 2128 e.
442 2087 571 2129 donis
601 2089 658 2129 ad
689 2094 941 2130 curtesanos
972 2088 1199 2130 Romanos
1227 2102 1304 2130 seu
1334 2089 1528 2144 papales.

261 2170 307 2214 [p.
329 2171 420 2214 311]
467 2171 733 2217 Episcopus.
782 2168 953 2209 Notum
985 2174 1051 2210 est
1077 2167 1171 2222 jam
1201 2169 1246 2209 in
1275 2182 1411 2223 regno
1444 2168 1623 2223 Angliae
1656 2169 1775 2222 quod
1812 2167 1946 2221 pueri,

143 2244 337 2297 juveneS,
366 2252 412 2287 et
440 2246 485 2287 in
519 2247 647 2288 curiis
680 2249 1002 2290 mundanorum
1033 2255 1262 2290 manentes
1291 2256 1516 2303 ponuntur
1542 2249 1635 2302 jam
1671 2249 1715 2289 in
1751 2246 1945 2289 ecclesiis

146 2330 193 2365 et
223 2323 268 2365 in
303 2325 475 2378 magnis
503 2326 657 2368 officiis
692 2334 738 2368 et
771 2327 996 2382 praelaciis‚
1022 2329 1281 2382 postpositis
1309 2329 1406 2370 aliis
1436 2329 1511 2382 qui
1543 2329 1619 2369 diu
1650 2328 1694 2368 in
1725 2326 1871 2368 studio
1901 2331 1946 2366 et

143 2403 192 2444 in
227 2403 538 2457 praedicatione
576 2413 622 2447 et
661 2407 706 2447 in
738 2408 950 2462 regimine
982 2407 1147 2462 populi,
1177 2409 1271 2450 sine
1311 2408 1433 2450 lucro
1468 2408 1706 2454 mundano,
1739 2406 1945 2458 occupati

148 2482 337 2523 fuerunt.
395 2483 512 2525 Novi
533 2485 650 2526 enim
677 2501 812 2528 unum
834 2487 1154 2530 Cancellarium
1177 2488 1488 2530 Universitatis
1508 2487 1640 2529 studii
1665 2485 1943 2535 Oxoniensis‚

149 2563 224 2616 qui
253 2562 428 2616 publica
455 2562 574 2606 sama
599 2565 742 2608 bonus
777 2575 921 2610 rector
951 2568 1262 2610 Universitatis
1292 2574 1338 2610 et
1370 2566 1667 2610 Cancellarius
1694 2564 1944 2615 vocabatur,
1994 2616 1999 2619 ἡ

149 2649 195 2683 et
221 2641 290 2682 bis
310 2641 391 2683 suit
418 2642 582 2684 ibidem
609 2644 774 2687 electus
798 2647 843 2687 in
872 2647 979 2688 illud
1001 2648 1205 2696 officium,
1228 2655 1274 2689 et
1295 2647 1527 2701 resignavit
1549 2646 1728 2686 tandem
1751 2643 1943 2685 officium
1984 2627 2002 2659 ²

150 2727 303 2763 contra
330 2721 602 2764 voluntatem
631 2724 746 2766 villae
781 2732 827 2767 et
857 2727 1178 2778 Universitatis,
1209 2733 1255 2769 et
1283 2741 1363 2781 per
1391 2727 1454 2768 xii
1491 2738 1629 2766 annos
1668 2729 1800 2765 antea
1830 2724 1946 2764 rexit

779 2815 789 2833 ¹
813 2815 983 2858 Repoeted
998 2818 1171 2854 verbatim,
1188 2828 1221 2858 p.
1240 2826 1311 2858 ²59·
