2456 3210
702 315 835 350 LOCI
868 314 908 349 E
945 313 1112 350 LIBRO
1159 313 1505 349 VERITATUM.
1937 312 2018 363 165

205 458 430 512 antipapa,
463 459 508 499 in
533 457 718 500 concilio
745 458 915 509 Pisano,
945 462 1051 499 ante
1081 455 1315 498 concilium
1346 456 1704 508 Constanciense‚
1724 470 1804 511 per
1832 464 2010 499 senten-

206 538 316 580 tiam
348 538 464 580 illius
498 538 681 589 concilii,
710 538 938 592 depositus
967 537 1049 580 fuit
1078 551 1107 579 a
1134 542 1302 591 papatu
1335 551 1429 588 suo,
1457 550 1591 590 quem
1621 551 1669 578 se
1696 535 1862 579 habere
1890 537 2009 581 dixit

206 624 253 660 et
280 619 600 673 praetendebat.
660 618 783 672 Papa
811 617 1030 659 Martinus
1060 617 1238 674 quintus
1266 623 1501 659 coronatus
1530 617 1613 659 suit
1645 624 1691 659 et
1727 625 2010 661 consecratus

207 698 487 741 Constanciae
518 711 568 741 21
612 699 684 741 die
717 698 880 739 mensis
916 697 1195 749 Novembri3‚
1229 711 1347 740 anno
1384 698 1565 740 Domini
1602 707 1723 751 1417,
1755 704 1802 740 et
1841 699 2008 741 indicto

205 779 263 821 de
310 793 525 822 consensu
572 779 741 822 concilii
791 793 906 820 novo
951 778 1136 820 concilio
1178 779 1374 834 generali
1415 778 1682 821 celebrando
1728 786 1831 834 post
1880 780 2008 835 quin-

167 909 174 912 .
206 861 447 914 quennium
482 861 526 902 in
561 860 738 902 civitate
773 858 992 913 Papiensi,
1024 858 1155 900 solvit
1187 858 1421 900 concilium
1450 859 1558 901 illud
1592 859 1873 902 Constanciae
1904 874 2006 902 cum

204 955 417 983 consensu
439 940 648 995 ‘ejusdem
679 940 896 994 generalis
931 939 1134 991 concilii;
1170 946 1216 981 et
1244 953 1362 982 anno
1391 941 1535 995 primo
1568 940 1749 982 Martini
1783 941 1894 982 obiit
1927 941 2006 995 J0-

202 1022 372 1064 hannes
392 1033 460 1076 23,
494 1021 771 1064 Constanciae
801 1021 1042 1075 depositus,
1073 1021 1274 1074 quamvis
1304 1034 1384 1075 per
1414 1034 1579 1075 paucos
1614 1022 1708 1064 dies
1743 1028 1849 1064 ante
1878 1035 2006 1063 suam

206 1109 394 1145 mortem
432 1102 575 1145 factus
612 1102 696 1144 fuit
734 1115 813 1157 per
851 1115 1014 1156 papam
1051 1102 1294 1144 Martinum
1334 1103 1540 1156 quintum
1574 1103 1819 1145 cardinalis.
1890 1103 2006 1144 Haec

202 1186 353 1227 omnia
378 1190 535 1238 patent
563 1185 608 1225 in
638 1183 750 1225 libro
782 1183 854 1224 De
880 1184 1018 1238 gestis
1047 1183 1093 1224 in
1120 1182 1306 1225 concilio
1333 1183 1494 1225 Pisano
1525 1190 1570 1225 et
1600 1184 1645 1224 in
1680 1184 1865 1226 concilio
1887 1183 2007 1226 Con-

202 1264 439 1307 stanciensi
471 1262 750 1306 Constanciae
780 1262 1016 1311 celebrato,
1049 1270 1094 1305 et
1124 1268 1192 1305 est
1226 1262 1299 1305 ille
1329 1262 1440 1305 liber
1468 1264 1610 1305 bonus
1640 1264 1685 1305 in
1715 1264 1853 1305 tribus
1882 1263 2007 1306 volu-

204 1345 395 1387 minibus
425 1343 617 1387 Oxoniae
649 1342 912 1395 Dunelmiae,
940 1343 1133 1398 Anglice
1163 1344 1333 1386 Duram
1365 1344 1564 1399 College.

318 1432 368 1476 [p.
393 1431 487 1475 176.]
544 1424 682 1467 Anno
717 1425 899 1467 Domini
932 1424 1041 1479 1389
1073 1425 1237 1467 electus
1268 1425 1352 1467 fuit
1382 1425 1428 1466 in
1455 1439 1620 1480 papam
1646 1425 1896 1467 Bonisacius
1926 1425 2004 1475 ix⁸,

203 1514 249 1549 et
282 1520 400 1549 anno
433 1507 515 1549 Xti
552 1519 659 1562 1391
698 1506 971 1548 canonizavit
1008 1506 1167 1547 Romae
1205 1505 1417 1548 Sanctam
1454 1506 1690 1561 Birgittam
1723 1507 1916 1556 viduam,
1952 1520 2005 1549 ac

201 1587 505 1642 principissam
546 1587 773 1642 quondam
812 1586 1013 1635 Nerieiae,
1056 1587 1100 1627 in
1140 1600 1277 1641 regno
1309 1586 1500 1638 Sweciae,
1540 1600 1675 1641 quam
1715 1587 1833 1628 Xtus
1872 1587 2006 1640 Jesus

200 1668 374 1711 vocavit
405 1682 615 1722 sponsam
647 1681 786 1716 suam,
809 1674 854 1709 et
885 1667 948 1709 sic
974 1667 1120 1708 vocari
1152 1681 1251 1709 eam
1282 1667 1399 1717 fecit,
1430 1674 1612 1722 propter
1643 1682 1854 1722 magnum
1880 1682 2005 1710 amo-

201 1763 294 1791 rem
325 1755 371 1791 et
400 1750 704 1791 obedienciam
736 1748 934 1803 ejusdem
960 1748 1159 1802 Birgittae
1188 1748 1406 1790 voluntati
1434 1748 1532 1799 Dei,
1558 1762 1658 1803 quae
1690 1748 1851 1790 Romae
1880 1749 2003 1799 obiit,

200 1831 279 1873 sed
314 1831 359 1871 in
391 1844 526 1884 regno
562 1830 743 1872 Sweciae
779 1829 872 1884 ejus
911 1843 1012 1870 ossa
1047 1836 1199 1870 sancta
1232 1829 1360 1883 plura
1393 1829 1673 1883 requiescunt
1707 1830 1752 1870 in
1788 1836 2002 1872 aetemum

178 1910 487 1964 -glorificanda
514 1911 560 1952 in
591 1911 726 1963 coelis,
755 1917 805 1952 ut
834 1911 987 1952 canale
1015 1911 1174 1965 graciae
1210 1910 1383 1952 divinae.
1450 1911 1578 1952 Idem
1609 1910 1858 1952 Bonifacius
1891 1911 2006 1953 obiit

201 2004 317 2032 anno
353 1991 433 2033 Xti
472 2004 594 2043 1404,
633 2005 713 2046 per
746 1998 923 2046 tempus
957 1990 1138 2046 aliquod
1174 1997 1280 2032 ante
1315 1990 1480 2032 festum
1514 1991 1774 2033 Nativitatis
1805 1991 1898 2041 Xti‚
1932 1991 2003 2033 cui

198 2070 406 2112 dominus
436 2071 719 2114 Innocentius
748 2076 841 2124 7¹¹¹¹¹³
871 2077 939 2113 est
968 2071 1012 2112 in
1042 2070 1333 2125 apostolicum
1363 2071 1640 2126 subrogatus,

317 2150 442 2193 Ordo
494 2165 710 2206 paparum
762 2151 1068 2193 Romanorum
1111 2158 1218 2193 ante
1266 2151 1404 2192 cisma
1451 2158 1499 2194 et
1550 2152 1596 2193 in
1641 2151 1823 2193 cismate
1875 2150 2002 2191 finito

202 2230 479 2273 Constanciae
507 2231 553 2272 in
581 2231 766 2274 concilio
796 2233 961 2274 ibidem
991 2230 1212 2286 generali:
1245 2231 1456 2274 Urbanus
1475 2231 1552 2286 vj⁸,
1577 2232 1621 2273 in
1652 2231 1775 2285 cujus
1803 2238 2005 2284 tempore

198 2311 362 2364 incepit
401 2312 538 2352 cisma
574 2325 654 2367 per
691 2326 912 2355 recessum
954 2311 1240 2354 cardinalium
1278 2325 1306 2352 a
1337 2325 1469 2367 papa,
1504 2312 1609 2367 quia
1647 2325 1736 2352 non
1774 2309 2006 2351 voluerunt

200 2390 422 2431 reformari
461 2391 520 2432 de
556 2393 686 2434 certis
729 2393 868 2442 malis,
901 2392 1157 2434 Bonifacius
1195 2391 1271 2442 ix⁸‚
1314 2392 1601 2434 Innocentius
1639 2390 1727 2444 vij⁵‚
1770 2389 2006 2443 Gregorius

198 2469 291 2523 xij⁸,
326 2469 551 2522 Johannes
582 2471 724 2525 xxiij⁸‚
760 2472 980 2515 Martinus
1019 2473 1213 2526 quintus,
1253 2471 1481 2526 Eugenius
1521 2477 1716 2526 quartus,
1760 2468 2004 2511 Nicholaus

199 2550 391 2603 quintus,
419 2548 624 2592 Calixtus
650 2551 724 2605 iij·.
787 2553 942 2595 Petrus
966 2552 1023 2594 de
1054 2552 1185 2593 Luna
1211 2551 1435 2606 antipapa,
1465 2552 1540 2606 qui
1577 2551 1751 2592 vocavit
1779 2563 1827 2590 se
1856 2549 2002 2602 ipsum

200 2629 489 2671 Benedictum
510 2629 630 2684 xiij¹¹¹‚
650 2630 732 2673 fuit
760 2632 807 2674 in
832 2639 1036 2688 tempore
1062 2633 1255 2674 Romani
1284 2646 1414 2687 papae
1443 2631 1642 2686 Gregorii
1667 2629 1757 2683 xij¹‚
1780 2630 1855 2682 qui
1885 2627 2004 2670 Con-

199 2709 377 2750 stanciae
407 2715 619 2763 papatum
651 2710 886 2765 resignavit
915 2727 994 2768 per
1028 2717 1334 2767 procuratores
1364 2726 1480 2763 suos,
1511 2710 1710 2765 quamvis
1745 2715 1878 2750 antea
1909 2708 2003 2762 ipse

199 2796 245 2831 et
279 2788 436 2830 Petrus
471 2789 528 2829 de
563 2789 692 2831 Luna
721 2791 910 2846 depositi
946 2799 1073 2835 erant
1112 2806 1190 2847 per
1229 2794 1498 2835 sentenciam
1534 2789 1704 2833 concilii
1745 2789 1787 2830 in
1819 2787 2005 2831 concilio

197 2868 390 2924 generali
422 2868 594 2910 Pisano.
