2456 3210
469 209 550 248 124
964 205 1096 240 LOCI
1130 204 1168 238 E
1207 205 1373 239 LIBRO
1421 205 1766 241 VERJTATUM.

466 350 562 386 tum
588 345 672 387 hoc
701 346 867 400 populo
894 346 1184 397 manifestare,
1211 353 1254 388 et
1283 346 1431 387 Deum
1460 346 1555 388 haec
1586 347 1850 389 concessisse
1881 346 2092 389 revelavit
2122 346 2268 388 eidem

469 439 598 480 papae
620 426 815 469 Urbano.
874 427 993 469 Vero
1021 427 1315 481 cogitaciones
1342 441 1443 468 suas
1471 427 1669 482 proprias
1697 434 1742 469 et
1769 433 1960 470 secretas
1988 442 2066 482 per
2089 427 2270 469 beatam

470 505 715 560 Brigittam,
748 513 1008 561 perpetuam
1048 521 1255 561 sponsam
1290 507 1382 557 Xti‚
1420 514 1464 549 et
1500 522 1600 561 quae
1637 515 1681 550 et
1718 509 1866 563 qualia
1905 509 2115 563 cogitavit
2150 508 2269 550 idem

470 599 599 640 papa,
639 587 683 628 in
719 588 897 630 introitu
933 588 1077 629 beatae
1113 588 1312 641 Brigittae
1343 588 1400 629 ad
1437 602 1549 640 eum,
1583 595 1628 631 et
1664 589 1841 643 qualem
1881 590 2167 631 devocionem
2202 588 2271 629 in-

470 664 645 706 solitam
682 665 799 706 idem
835 679 951 719 papa
985 671 1080 707 tum
1113 665 1266 707 habuit
1307 666 1350 706 in
1393 673 1540 708 mente
1580 681 1670 718 sua,
1706 674 1751 709 et
1786 668 1981 723 regulam
2022 667 2187 709 ordinis
2227 673 2273 708 et

472 745 690 799 religionis
724 744 964 787 Salvatoris
996 746 1131 787 nostri
1166 746 1271 799 Jesu
1307 747 1388 788 Xti
1425 747 1638 789 dictatam
1669 734 1726 789 ab
1762 748 1860 802 ipso
1891 748 1997 799 Xto‚
2028 754 2073 790 et
2107 747 2271 789 revela·

472 832 565 867 tam
598 826 740 868 beatae
772 827 972 880 Brigittae
1007 827 1065 868 de
1098 840 1234 881 regno
1266 826 1459 877 Sweciae,
1490 828 1533 869 in
1573 829 1645 870 die
1674 828 1827 871 Sancti
1859 828 2053 871 Oswaldi
2085 828 2198 882 regis
2228 835 2273 870 et

473 907 671 958 martiris,
708 913 752 949 et
791 908 1005 962 praecepit
1041 908 1157 949 Xtus
1196 909 1340 950 beatae
1373 908 1574 963 Brigittae
1616 911 1734 964 quod
1773 911 1892 964 prior
1932 909 2088 952 Petrus
2129 909 2271 959 Clavi,

472 987 634 1028 ordinis
661 986 945 1040 Cicistrensis‚
968 989 1043 1042 qui
1068 989 1151 1030 fuit
1180 1002 1291 1030 unus
1320 989 1619 1031 confessorum
1646 990 1789 1032 beatae
1812 990 2023 1045 Brigittae,
2050 991 2271 1033 scriberet.

473 1067 535 1108 Et
564 1069 609 1108 in
639 1068 714 1109 illa
745 1068 895 1122 regula
926 1069 1117 1111 revelata
1147 1069 1325 1112 Sanctae
1356 1070 1556 1124 Brigittae
1586 1071 1631 1111 in
1658 1070 1815 1113 Castro
1835 1071 2031 1121 Wasten‚
2063 1071 2107 1112 in
2139 1085 2273 1126 regno

472 1147 663 1200 Sweciae,
694 1149 982 1203 Lincopensis
1013 1150 1210 1202 diocesis,
1242 1151 1435 1205 capitulo
1467 1152 1830 1206 quinquagesimo
1861 1158 2029 1206 quarto,
2060 1152 2271 1201 scribitur,

470 1230 613 1282 ‘quod
643 1230 771 1282 Jesus
802 1230 920 1272 Xtus
952 1230 1156 1272 Salvator
1187 1238 1335 1274 noster
1361 1233 1576 1274 concessit
1609 1231 1671 1273 illi
1702 1232 1897 1286 religioni
1934 1233 2085 1275 Sancti
2120 1232 2273 1275 Salva-

470 1311 575 1351 toris
615 1310 710 1352 illas
750 1311 1060 1365 indulgencias,
1097 1326 1196 1366 quae
1236 1318 1338 1354 sunt
1371 1313 1531 1354 Romae
1570 1313 1615 1354 in
1651 1312 1834 1355 ecclesia
1869 1312 2021 1355 Sancti
2058 1314 2174 1355 Petri
2215 1314 2272 1355 ad

470 1390 694 1441 Vincula3'
726 1392 821 1434 haec
858 1399 1014 1447 patent
1046 1394 1088 1434 in
1124 1408 1287 1448 magno
1323 1394 1435 1435 libro
1464 1394 1535 1436 De
1563 1394 1696 1436 beata
1732 1394 1931 1448 Brigitta,
1967 1394 2099 1436 vidua
2133 1408 2273 1448 quon-

470 1472 587 1523 dam,
608 1485 659 1513 ac
686 1473 942 1526 principissa
963 1473 1153 1515 Nericiae
1179 1474 1222 1515 in
1245 1488 1381 1528 regno
1403 1474 1595 1525 Sweciae,
1617 1475 1692 1528 qui
1717 1474 1827 1515 liber
1851 1481 1917 1516 est
1943 1474 1987 1515 in
2008 1474 2274 1516 monasterio

471 1551 596 1605 Syon
626 1552 670 1592 in
699 1551 867 1606 Anglia
899 1554 1062 1596 ordinis
1095 1554 1247 1597 Sancti
1284 1554 1538 1607 Salvatoris,
1571 1561 1615 1596 et
1645 1554 1741 1596 haec
1777 1560 1933 1609 patent
1965 1556 2010 1596 in
2040 1554 2116 1596 illo
2147 1554 2274 1607 libro,

471 1631 706 1686 columpna
737 1635 1058 1676 sexcentesima
1092 1636 1371 1690 sexagesima
1403 1635 1608 1677 secunda.
1672 1634 1797 1677 Mille
1833 1635 1949 1676 enim
1986 1640 2031 1676 et
2066 1635 2273 1677 ducentae

471 1719 516 1755 et
557 1713 656 1754 duae
696 1714 941 1768 columpnae
987 1721 1089 1757 sunt
1128 1717 1173 1757 in
1214 1717 1290 1757 illo
1335 1730 1497 1770 magno
1537 1716 1648 1758 libro
1691 1717 1748 1758 de
1788 1715 1955 1758 Sancta
1995 1715 2183 1770 Brigitta
2228 1716 2272 1757 in

473 1794 739 1835 monasterio
772 1793 908 1848 Syon,
944 1795 1252 1838 Londonensis
1288 1798 1474 1839 diocesis
1510 1798 1553 1838 in
1585 1796 1764 1851 Anglia.
1827 1797 1868 1839 O
1898 1796 2031 1838 beata
2064 1793 2272 1850 Brigitta!

472 1876 606 1916 decus
638 1874 862 1928 Osgosiae!
894 1876 920 1916 i.
940 1890 974 1916 e.
1008 1877 1229 1919 orientalis
1262 1877 1433 1928 Gothae,
1466 1878 1510 1918 in
1540 1891 1676 1932 regno
1708 1877 1900 1927 Sweciae,
1931 1890 2006 1918 ora
2036 1890 2116 1930 pro
2147 1876 2273 1917 nobis

472 1955 529 1996 ad
562 1955 722 2004 Deum,
754 1955 827 2008 qui
857 1961 902 1996 te
934 1956 1078 2009 elegit,
1107 1963 1157 1999 ut
1187 1959 1307 2012 digni
1339 1959 1579 2000 efficiamur
1608 1958 1752 2012 gracia
1783 1958 1888 2007 Xti;
1920 1963 1963 1998 et
1992 1956 2087 1998 haec
2118 1962 2274 2009 patent

471 2037 515 2077 in
551 2035 701 2090 regula
734 2035 924 2077 revelata
956 2050 1034 2090 per
1062 2038 1201 2079 Xtum
1238 2040 1379 2082 beatae
1416 2040 1616 2094 Brigittae
1647 2039 1793 2081 viduae
1827 2037 2019 2092 capitulo
2058 2036 2273 2090 quinqua-

471 2119 640 2173 gesimo
671 2124 731 2169 4⁰.
805 2118 977 2172 Regula
1016 2121 1273 2163 confirmata
1315 2129 1381 2165 est
1421 2123 1506 2174 illa,
1547 2136 1680 2176 quam
1713 2121 1920 2163 Urbanus
1953 2121 2131 2174 quintus
2170 2133 2273 2162 con-

472 2199 683 2250 firmavit3
706 2198 966 2253 loquebatur
991 2202 1105 2241 enim
1132 2203 1287 2243 eadem
1312 2203 1478 2245 Sancta
1500 2203 1688 2256 Brigitta
1712 2215 1812 2243 curn
1837 2214 1953 2255 papa
1975 2199 2193 2242 Clementi
2210 2197 2274 2253 vj⁰

471 2281 514 2321 in
551 2281 709 2331 Roma,
743 2286 787 2322 et
826 2294 926 2322 cum
960 2281 1142 2323 Urbano
1171 2282 1227 2335 50,
1264 2291 1309 2326 et
1346 2298 1446 2326 cum
1484 2283 1695 2338 Gregorio
1724 2282 1804 2336 xj0,
1837 2283 1882 2323 in
1914 2281 2039 2335 cujus
2073 2287 2272 2335 tempore

471 2361 629 2402 Romae
660 2361 779 2412 obiit,
811 2367 856 2402 et
889 2375 988 2402 ossa
1019 2361 1124 2414 ejus,
1151 2364 1211 2404 ibi
1242 2365 1416 2418 sepulta
1447 2366 1603 2406 eodem
1635 2378 1752 2406 anno
1783 2362 1982 2413 naturali,
2014 2363 2058 2404 in
2089 2374 2271 2415 regnum

470 2440 650 2483 Sweciae
689 2446 864 2496 portata
911 2441 1084 2484 fuerunt
1123 2445 1181 2485 ad
1230 2446 1543 2487 monasterium
1582 2445 1852 2487 beatissimae
1899 2443 2053 2485 Mariae
2099 2453 2274 2496 semper

468 2521 660 2575 Virginis
691 2522 735 2562 in
765 2521 963 2563 Wasten.

585 2605 629 2648 [p.
651 2605 743 2647 606]
792 2604 1102 2649 Indulgeneiae
1139 2606 1318 2643 abusus.
1379 2601 1515 2644 Anno
1548 2603 1728 2644 Domini
1759 2613 1880 2653 1440,
1910 2601 2013 2642 fecit
2046 2597 2271 2653 Eugenius

470 2690 584 2731 papa
630 2685 811 2732 quartus
856 2679 1155 2734 indulgencias
1202 2695 1386 2736 magnas
1426 2696 1504 2735 per
1548 2683 1696 2723 omnia
1737 2695 1870 2736 regna
1910 2680 2180 2730 Xtianitatis,
2226 2683 2271 2719 et

468 2758 672 2800 collector
702 2774 830 2815 papae
864 2761 908 2802 in
942 2759 1110 2814 Anglia
1145 2774 1224 2814 pro
1256 2767 1372 2812 tunc,
1409 2762 1482 2814 qui
1515 2767 1610 2802 tum
1647 2762 1853 2816 pecunias
1887 2760 2049 2813 recepit
2084 2772 2163 2813 pro
2196 2757 2267 2798 lit-
