2456 3210
466 252 566 302 178Δ
963 258 1095 294 LOCI
1130 259 1169 293 E
1208 258 1372 294 LIBRO
1421 259 1765 296 VERJTATUM.

460 400 584 452 siam,
605 406 650 442 et
680 402 882 452 officium,
904 409 948 444 et
976 403 1172 457 regimen
1200 402 1413 454 aliorum;
1445 416 1588 444 causae
1620 404 1737 445 enim
1765 404 2015 447 collacionis
2043 406 2267 447 modernae
2312 429 2318 438 =

459 482 703 524 officiorum
734 489 778 525 et
810 482 1091 526 ecclesiarum
1123 498 1211 525 non
1240 490 1341 525 sunt
1368 497 1484 526 verae
1516 497 1659 526 causae
1690 499 1837 527 coram
1860 485 1959 527 Deo
1989 487 2067 528 sed
2098 486 2266 528 laesurae

458 561 746 616 plurimarum
769 563 1028 607 animarum.
1079 563 1253 606 Stultus
1274 564 1392 605 enim
1414 571 1481 606 est
1501 564 1576 619 qui
1598 579 1655 606 ex
1677 579 1756 606 sua
1778 565 1895 607 mala
1913 565 2142 609 voluntate
2161 566 2266 609 facit

458 656 547 684 non
583 657 760 686 causam
797 658 891 686 esse
925 651 976 687 ut
1011 659 1199 697 causam,
1235 645 1436 687 faciendo
1471 651 1517 687 et
1556 646 1839 688 concedendo
1875 646 2160 689 collacionem
2196 661 2266 690 ec-

459 723 603 765 clesiae
638 724 707 766 vel
743 725 873 768 officii
908 739 988 780 pro
1023 740 1211 781 persona
1250 740 1330 781 pro
1367 741 1454 780 qua
1489 740 1577 768 non
1617 727 1678 768 sic
1714 727 1889 779 faceres,
1925 735 1970 770 et
2005 741 2085 782 pro
2120 727 2264 770 inten-

457 804 583 847 cione
610 811 655 847 et
685 805 771 848 fine
801 820 881 861 pro
912 820 1001 861 quo
1032 821 1119 848 non
1151 807 1313 849 faceret
1344 807 1460 849 talis.
1654 800 1656 804 ’

573 891 622 935 [p.
657 892 749 935 361.]
821 887 907 929 Est
952 887 1119 942 duplex
1159 888 1345 939 Vienna,
1386 902 1474 930 una
1518 893 1585 929 est
1630 888 1673 929 in
1716 888 1912 940 Francia,
1951 889 2008 930 de
2055 902 2142 943 qua
2181 889 2264 932 fuit

456 966 693 1019 praedictus
724 968 880 1010 doctor
907 965 1064 1026 [Hugo
1093 969 1150 1010 de
1169 965 1380 1024 Vienna]‚
1412 968 1487 1009 illa
1518 974 1585 1010 est
1609 968 1783 1010 Vienna
1811 982 1911 1022 quae
1942 976 2010 1011 est
2037 966 2189 1012 civitas
2218 976 2264 1013 et

456 1046 716 1090 universitas
752 1048 796 1088 in
832 1049 995 1090 ducatu
1024 1048 1234 1101 Austriae‚
1266 1049 1390 1102 cujus
1426 1048 1521 1090 dux
1553 1054 1619 1090 est
1650 1062 1729 1090 rex
1762 1049 1984 1103 Ungariae,
2020 1063 2147 1101 nunc,
2177 1050 2263 1093 isto

455 1140 571 1168 anno
612 1127 796 1169 Domini
830 1128 951 1181 1456,
982 1129 1189 1171 dominus
1221 1129 1468 1181 Ladislaus,
1499 1128 1622 1184 cujus
1652 1129 1928 1184 gubernator,
1952 1130 2156 1172 dominus
2185 1130 2264 1184 Jo-

453 1206 620 1249 hannes
653 1208 853 1263 Hungat,
886 1223 1034 1251 comes
1054 1210 1424 1261 Vicesterciensis,
1451 1223 1567 1251 anno
1600 1210 1780 1251 Domini
1808 1210 1928 1265 1456,
1953 1224 2054 1252 cum
2084 1210 2134 1253 xl
2164 1211 2262 1253 mil-

454 1287 566 1329 libus
598 1288 877 1341 Xfianomm,
900 1291 1061 1332 occidit
1086 1291 1130 1332 in
1160 1291 1358 1345 Ungaria
1387 1297 1565 1332 centum
1594 1289 1713 1349 milia
1734 1296 1779 1332 et
1800 1291 2119 1345 quinquaginta
2141 1291 2262 1333 milia

452 1381 726 1421 paganorum
757 1370 1012 1422 Turcorum‚
1043 1384 1102 1412 sc.
1136 1377 1280 1413 totum
1309 1384 1461 1412 eorum
1497 1370 1753 1420 exercitum,
1787 1371 1984 1424 exceptis
2003 1386 2053 1412 vx
2084 1371 2261 1413 milibus

453 1447 708 1500 Turcorum‚
725 1450 799 1504 qui
822 1451 864 1491 in
882 1464 999 1505 aqua
1016 1450 1211 1493 Danubii
1228 1465 1328 1493 cum
1347 1464 1497 1493 eorum
1519 1450 1715 1505 principe
1737 1450 2021 1492 Machometo
2042 1451 2263 1506 fugerunt*

569 1535 620 1578 [p.
652 1536 743 1578 380.]
803 1536 956 1573 Pileus
985 1537 1170 1573 habitus
1199 1537 1414 1574 doctoris.
1476 1531 1695 1586 Regnavit
1727 1529 1885 1573 Gothis
1917 1531 2150 1583 Diceneus,
2181 1546 2260 1573 rex

455 1622 605 1650 eorum
637 1616 682 1652 et
713 1612 927 1665 pontifeX,
959 1626 1046 1667 quo
1083 1619 1284 1667 tempore
1316 1612 1619 1654 Romanorum
1654 1611 1763 1654 Silla
1796 1611 1962 1665 potitus
1999 1618 2065 1654 est
2101 1613 2259 1666 princi—

453 1694 621 1742 patum,
669 1704 802 1744 quem
847 1692 1080 1734 Dicineum
1125 1694 1366 1748 suscipiens
1411 1692 1628 1744 Burnista,
1674 1692 1796 1734 dedit
1842 1692 1880 1733 ei
1923 1706 2050 1747 paene
2093 1693 2266 1746 regiam·

452 1775 733 1822 potestatem,
776 1771 849 1825 qui
897 1772 1108 1814 Dicineus
1153 1787 1332 1815 omnem
1378 1787 1504 1827 paene
1549 1771 1875 1827 philosophiam
1917 1786 1992 1814 eos
2037 1772 2258 1823 instruxit,

453 1849 673 1904 elegitque
704 1865 763 1892 ex
794 1852 899 1906 ipsis
934 1854 1209 1909 philosophis
1240 1854 1535 1896 nobilissimos
1570 1853 1958 1908 prudentioresque
1987 1853 2113 1903 viros,
2147 1868 2259 1909 quos

452 1931 510 1972 ad
546 1930 819 1986 theologiam
851 1933 1081 1986 instruens,
1114 1934 1216 1977 fecit
1251 1935 1514 1987 sacerdotes,
1548 1947 1708 1976 nomen
1748 1933 1810 1975 eis
1840 1933 2120 1988 pilleatorum
2153 1948 2258 1977 con-

452 2011 641 2061 tradens,
684 2026 737 2054 eo
776 2014 895 2066 quod
943 2016 1108 2068 opertis
1148 2016 1365 2069 capitibus
1409 2015 1555 2066 tiaras,
1594 2027 1703 2068 quas
1748 2013 1903 2068 pilleos
1949 2015 2036 2056 alio
2080 2016 2259 2057 nomine

453 2092 743 2142 nominamus,
778 2092 1032 2145 habebant;
1075 2095 1288 2150 reliquam
1318 2109 1421 2138 vero
1450 2101 1629 2150 gentem
1659 2094 1888 2148 capillatos
1928 2095 2072 2137 dicere
2097 2095 2230 2149 jussit
2245 2111 2262 2149 ;·

451 2173 536 2215 hoc
567 2173 786 2226 Jordanus
822 2173 1064 2228 episcopus,
1103 2175 1376 2218 Ravennatis
1417 2174 1616 2226 civitatis,
1650 2175 1706 2216 de
1747 2175 1913 2228 origine
1950 2182 1994 2218 et
2033 2171 2258 2218 vocabulis

451 2253 597 2308 gentis
627 2253 875 2296 Gothorum
904 2255 1023 2296 edita
1050 2256 1107 2297 ad
1135 2255 1374 2308 Castalum,
1401 2257 1517 2298 unde
1547 2260 1671 2309 patet
1699 2255 1818 2308 quod
1849 2254 2015 2298 Gothia
2041 2262 2085 2298 et
2115 2255 2256 2299 Dacia

452 2339 497 2377 et
527 2333 716 2389 Gepidia
748 2348 884 2377 unum
916 2340 960 2376 et
992 2336 1109 2377 idem
1142 2351 1326 2391 regnum
1358 2343 1435 2379 est.
1641 2313 1650 2331 ἱ

571 2413 762 2457 Oxoniae
794 2414 911 2457 enim
937 2429 995 2456 ex
1021 2417 1204 2471 antiquo
1235 2423 1414 2468 statuto,
1435 2422 1479 2458 et
1511 2430 1569 2457 ex
1599 2415 1780 2469 antiqua
1810 2416 2134 2467 consuetudine,
2167 2430 2256 2458 non

451 2494 618 2537 habent
649 2495 712 2537 uti
742 2494 884 2549 pilleis
914 2497 1128 2546 rotundis,
1165 2498 1245 2538 nisi
1276 2497 1479 2539 doctores
1509 2509 1642 2537 sacrae
1664 2495 1920 2550 Theologiae
1952 2503 1996 2539 et
2021 2496 2139 2549 Juris
2171 2495 2256 2540 Ca-

453 2575 596 2616 nonici
626 2575 839 2627 doctores,
862 2580 907 2616 et
938 2575 981 2616 in
1012 2575 1244 2618 Medicinis
1274 2583 1318 2619 et
1344 2576 1538 2629 Legibus
1569 2577 1800 2628 doctores;
1832 2584 1876 2619 et
1906 2576 1967 2618 sic
1998 2577 2256 2618 universitas

452 2655 586 2695 studii
628 2654 896 2697 Oxoniensis
936 2669 962 2697 a
1002 2656 1215 2711 principio
1255 2656 1529 2698 fundacionis
1569 2670 1659 2698 suae
1700 2671 1778 2711 per
1818 2671 1967 2711 regem
2007 2656 2255 2708 Alfredum,

453 2735 527 2787 qui
563 2736 702 2777 eciam
729 2736 953 2778 Aluredus
980 2743 1172 2789 vocatur,
1201 2737 1341 2779 facere
1372 2736 1607 2788 consuevit,
1637 2744 1680 2780 et
1711 2739 1771 2782 sic
1804 2739 2013 2782 usitatum
2042 2737 2126 2781 suit
2158 2736 2255 2781 Ox-

453 2815 565 2856 oniae
597 2830 712 2859 anno
741 2817 819 2861 Xti
851 2822 914 2860 m⁰
935 2821 1054 2860 cccc⁰
1074 2817 1161 2873 56⁰,
1189 2818 1232 2859 in
1265 2823 1463 2872 tempore
1495 2831 1606 2860 meo-
