2456 3210
517 246 541 275 2
1010 237 1143 274 LOCI
1175 238 1214 272 E
1254 237 1417 273 LIBRO
1465 238 1810 274 VERITATUM.

516 382 724 437 parochia
771 388 820 424 ut
859 382 1047 425 solveret
1087 383 1162 424 illo
1202 397 1317 425 anno
1358 382 1552 425 ecclesiae
1595 383 1837 425 cathedrali
1880 378 2044 425 certam
2085 396 2317 432 summam,

517 465 580 505 ita
629 464 748 517 quod
798 464 978 518 quidam
1024 477 1238 518 pauperes
1288 463 1509 505 solverunt
1554 462 1623 505 xl‘l
1669 464 1812 505 eidem
1859 464 2075 505 sacerdoti
2124 463 2319 506 ecclesiae

519 544 758 586 cathedrali
808 544 1052 595 solvendos,
1095 551 1140 586 et
1186 544 1259 586 ille
1308 543 1540 598 injungens
1589 543 1744 586 habuit
1794 544 1914 585 illam
1961 543 2214 598 parochiam
2260 544 2318 585 ad

519 624 692 665 firmam
732 638 812 678 pro
841 639 881 665 v.
916 638 947 666 s.
1009 624 1099 667 Sed
1135 624 1235 666 talis
1269 625 1526 678 penitencia,
1558 624 1814 679 dependens
1854 639 1914 666 ex
1954 624 2133 666 arbitrio
2174 623 2318 665 solum

520 705 770 755 sacerdotis,
801 711 949 759 potest
980 703 1156 747 refutari
1187 712 1301 747 teste
1334 706 1514 747 doctore
1545 705 1694 747 subtili
1725 719 1855 759 super
1885 711 2104 759 quartum.

636 791 687 835 [p.
714 790 783 832 16.]
832 785 995 828 Videte
1014 785 1110 827 haec
1132 793 1176 828 et
1197 786 1438 840 intelligite,
1461 801 1488 827 o
1509 785 1778 828 confessores
1795 788 1803 825 l
1838 792 1883 827 et
1902 800 1982 827 vos
2002 785 2157 827 fratres
2176 783 2321 826 vocati

522 865 683 908 milites
723 866 779 907 de
814 866 966 918 Rodis,
998 867 1073 921 qui
1114 866 1238 922 plura
1278 867 1395 908 bona
1431 867 1656 920 recepistis
1695 867 1752 908 ad
1789 872 1940 908 sancte
1976 865 2321 920 dispensandum

522 953 567 989 et
606 948 662 988 ad
704 954 855 989 sancte
895 947 1189 996 militandum,
1231 962 1285 989 ne
1326 948 1487 1002 pagani
1530 947 1743 989 intrarent
1783 954 1921 989 terras
1962 947 2239 994 Xtianorum,
2277 949 2322 986 et

517 1027 611 1088 jam
638 1028 870 1070 abutimini
900 1028 1028 1070 bonis
1059 1028 1144 1069 illis
1172 1028 1216 1069 in
1247 1028 1413 1070 deliciis
1445 1034 1751 1082 peccatorum:
1793 1027 1837 1068 in
1871 1027 2025 1069 diebus
2054 1027 2171 1068 enim
2203 1025 2323 1076 meis,

522 1109 683 1150 milites
718 1109 774 1150 de
811 1108 952 1151 Rodis
983 1109 1256 1152 vocabantur
1289 1109 1456 1160 fratres,
1488 1115 1533 1150 et
1567 1108 1650 1162 ipsi
1680 1108 1928 1162 equitantes
1962 1107 2199 1162 portabant
2235 1118 2324 1147 sar-

522 1189 642 1230 cinas
677 1203 778 1231 suas
813 1203 945 1244 super
979 1204 1141 1244 equum
1174 1204 1305 1244 super
1341 1204 1430 1244 quo
1466 1190 1723 1243 equitabant
1764 1189 1846 1243 ipsi
1887 1189 2042 1230 fratres
2078 1188 2250 1239 milites,
2281 1191 2325 1227 et

522 1283 656 1310 unam
701 1276 872 1324 partem
918 1270 1136 1312 bonorum
1183 1284 1360 1312 suorum
1409 1270 1638 1312 annuatim
1687 1269 1869 1311 domino
1917 1270 2128 1323 magistro
2172 1267 2326 1315 insulae

524 1350 678 1401 Rodae,
715 1357 759 1392 et
801 1351 933 1393 aliam
973 1357 1146 1405 partem
1178 1352 1394 1393 bonorum
1430 1351 1594 1393 sanctis
1635 1356 1681 1392 et
1715 1350 1981 1405 pauperibus
2017 1349 2245 1400 dederunt,
2281 1335 2326 1390 et

522 1431 703 1472 terciam
734 1438 907 1485 partem
937 1432 1232 1487 hospitalitati
1263 1446 1366 1474 suae.

641 1517 690 1561 [p.
715 1518 784 1560 23.]
836 1512 910 1555 Sic
950 1513 1105 1556 doctor
1138 1513 1337 1555 Thomas
1373 1512 1577 1564 Walden‚
1609 1512 1653 1553 in
1688 1526 1767 1553 suo
1804 1511 2065 1565 Doctrinali·
2088 1511 2325 1564 antiquita-

525 1598 620 1633 tum
653 1592 858 1644 ecclesiae‚
889 1594 1110 1636 volumine
1142 1594 1217 1648 iij⁰‚
1247 1599 1316 1636 ca0
1347 1593 1625 1648 sexagesimo
1661 1593 1740 1644 ix0,
1770 1598 1957 1634 testatur
1991 1592 2104 1633 bene
2134 1598 2179 1633 et
2210 1598 2328 1633 recte

525 1673 630 1727 quia
674 1673 820 1727 aliqua
867 1675 989 1716 Deus
1029 1675 1138 1729 ligat
1178 1675 1281 1729 quia
1322 1674 1505 1717 ecclesia
1554 1688 1634 1716 sua
1675 1673 1795 1728 prius
1842 1673 1917 1714 illa
1965 1673 2206 1715 sentenciat
2250 1685 2326 1714 seu

525 1754 648 1807 ligat.
724 1754 826 1808 Ipse
876 1755 994 1796 enim
1038 1756 1192 1797 doctor
1236 1754 1466 1807 Waldenl,
1514 1753 1780 1797 Oxoniensis
1828 1752 2074 1804 cathedrae,
2117 1754 2160 1794 in
2207 1766 2330 1795 sacra

527 1834 751 1890 theologia
784 1835 956 1890 scripsit
989 1843 1141 1878 contra
1173 1836 1357 1892 Wyclyf
1386 1843 1430 1878 et
1466 1835 1566 1877 Hus
1600 1841 1644 1877 et
1680 1833 1946 1876 Ieronimum
1979 1834 2036 1875 de
2070 1833 2211 1887 Praga
2246 1834 2330 1876 tria

529 1915 762 1967 volumina,
786 1923 944 1958 vocata
975 1917 1031 1958 ab
1062 1917 1158 1971 ipso
1194 1917 1436 1959 doctrinale
1467 1916 1781 1970 antiquitatum
1819 1914 2024 1963 ecclesiae,
2057 1922 2101 1956 et
2137 1915 2329 1969 primum

526 1996 734 2039 volumen
770 2004 836 2039 est
872 1998 928 2039 de
964 1997 1146 2039 ecclesia
1186 2005 1230 2040 et
1270 2000 1326 2040 de
1365 1998 1458 2052 ejus
1499 1997 1708 2040 membris
1744 2002 1788 2038 et
1824 1996 2020 2038 continet
2056 1993 2153 2050 iiij⁰r
2182 1995 2328 2046 libros,

528 2077 769 2120 secundum
797 2077 1002 2119 volumen
1029 2085 1096 2120 est
1123 2079 1179 2120 de
1209 2078 1490 2121 sacramentis
1519 2077 1725 2128 ecclesiae,
1747 2077 1975 2118 continens
2002 2090 2139 2118 unum
2168 2077 2329 2120 librum

528 2171 588 2200 sc.
621 2158 837 2212 quintum,
865 2164 911 2200 et
945 2165 1004 2213 3¹¹¹
1036 2159 1242 2200 volumen
1278 2160 1473 2202 continet
1509 2172 1645 2200 unum
1682 2158 1853 2209 librum,
1886 2171 1944 2199 sc.
1977 2164 2156 2199 sextum
2190 2157 2331 2200 tocius

529 2239 683 2293 operis,
724 2244 769 2280 et
809 2244 875 2280 est
914 2239 971 2280 de
1010 2240 1398 2282 sacramentalibus
1435 2239 1641 2281 ecclesiae.
1705 2238 1766 2280 Et
1809 2245 2004 2280 mortuus
2047 2245 2115 2280 est
2153 2218 2331 2293 quando

529 2319 611 2362 fuit
641 2320 685 2361 in
716 2319 914 2374 partibus
951 2319 1108 2361 Galliae
1146 2335 1246 2362 cum
1277 2335 1379 2376 rege
1410 2320 1589 2375 Angliae
1621 2319 1781 2374 juvene
1816 2319 2010 2361 Henrico
2040 2325 2183 2369 sexto,
2215 2318 2331 2361 exis-

531 2407 629 2442 tens
659 2400 881 2442 confessor
913 2414 1027 2452 suus,
1059 2401 1169 2443 sicut
1200 2402 1319 2455 prius
1350 2401 1430 2443 fuit
1461 2401 1683 2443 consessor
1712 2400 1848 2453 patris
1879 2401 1945 2441 sui
1979 2400 2159 2442 Henrici
2190 2400 2331 2455 quinti

533 2481 646 2535 regis
681 2481 872 2535 Angliae,
910 2486 954 2522 et
988 2481 1120 2523 frater
1154 2481 1235 2523 fuit
1271 2482 1435 2523 ordinis
1474 2481 1821 2532 Carmelitarum,
1857 2481 1931 2536 qui
1973 2482 2125 2523 dicunt
2164 2482 2332 2536 seipsos

532 2575 628 2603 esse
674 2561 938 2616 professores
981 2562 1280 2603 essencialium
1324 2561 1485 2616 regulae
1527 2561 1666 2603 sancti
1710 2562 1900 2604 doctoris
1947 2561 2095 2603 Basilii
2141 2561 2332 2603 doctoris

534 2641 691 2684 Graeci.

620 2749 631 2767 ¹
653 2751 720 2783 For
750 2762 791 2783 an
822 2754 962 2784 account
993 2750 1030 2783 os
1055 2749 1203 2783 Thomas
1234 2750 1351 2783 Netter
1382 2750 1420 2782 of
1447 2749 1596 2787 Walden,
1629 2761 1681 2783 see
1714 2750 1867 2793 Shirley's
1893 2750 2076 2783 ‘Fasciculi
2104 2748 2332 2784 Zizaniorum,’

534 2814 565 2845 p.
590 2804 655 2838 lxx.
