2456 3210
618 234 751 271 LOCI
784 234 824 269 E
860 233 1027 270 LIBRO
1073 233 1276 268 VERJTA
1286 231 1420 268 TUM.
1844 237 1861 267 1
1874 234 1925 279 15

118 391 307 420 summae
324 378 458 420 levari
478 378 673 433 potuerit
692 377 763 419 vel
783 377 927 432 colligi
943 377 974 420 ι’
1023 377 1153 428 Item,
1167 377 1366 431 sequitur
1386 390 1445 418 ex
1465 374 1544 417 tali
1563 374 1927 430 appropriacione

119 458 249 501 unius
274 458 460 501 ecclesia
486 473 619 501 causa
644 465 691 500 et
715 459 888 500 occasio
908 458 1223 513 appropriandi
1242 457 1377 499 aliam
1397 457 1630 499 ecclesiam
1650 456 1795 498 eidem
1815 455 1926 507 loco,

119 539 224 594 quia
252 540 407 582 statim
438 546 490 582 ut
517 553 606 582 una
640 538 824 581 eccloeia
853 540 917 581 eis
951 539 1238 594 appropriata
1267 539 1421 593 incipit
1450 539 1508 580 de
1538 551 1715 579 summa
1742 537 1929 590 antiqua

119 625 168 661 et
190 620 371 662 annuali
401 620 550 670 minui,
576 634 685 662 mox
711 620 914 662 laborant
940 634 1021 675 pro
1047 620 1138 662 alia
1163 619 1349 662 ecclesia
1372 619 1712 674 approprianda,
1734 623 1927 672 praeten-

120 699 282 742 dentoe
313 706 634 755 paupertatem,
666 707 714 742 et
747 701 811 742 sic
847 705 858 722 ‘
874 700 1044 742 abissus
1075 682 1271 742 abissum
1307 699 1506 751 invocat‚’
1542 706 1588 741 et
1620 697 1928 753 appropriacio

122 780 253 823 unius
287 780 480 822 eccloeiae
513 787 725 836 provocat
758 781 822 822 sic
856 780 913 822 ad
949 781 1083 822 aliam
1113 780 1345 822 ecclesiam
1376 779 1766 834 appropriandam.
1827 777 1928 819 Erit

122 860 436 915 multiplicacio
474 859 666 917 plurium
704 874 930 902 servorum
962 867 1008 903 et
1042 861 1289 902 ociosorum
1325 867 1372 902 et
1405 873 1669 914 pomparum
1703 866 1749 901 et
1787 857 1928 900 fercu-

121 940 266 982 lorum
285 947 332 983 et
357 941 575 983 donorum
601 942 774 995 magnis
802 948 847 983 et
873 941 1084 983 divitibus
1111 941 1157 982 in
1185 941 1366 982 mundo.
1427 941 1673 982 Provocant
1700 938 1928 992 religiosos

122 1026 171 1063 et
190 1021 507 1070 ecclesiasticos
525 1027 663 1063 terras
682 1022 809 1063 terris
829 1028 874 1063 et
894 1021 1127 1063 ecclesiam
1148 1020 1343 1064 ecclesiae
1364 1020 1642 1075 conjungere,
1658 1025 1705 1061 et
1725 1020 1769 1060 in
1789 1019 1926 1060 detri-

122 1107 324 1147 mentum
351 1101 543 1156 plurium
570 1108 751 1144 actuum
780 1103 998 1145 bonorum
1027 1101 1112 1143 sibi
1140 1101 1249 1156 ipsis
1277 1101 1495 1156 colligere,
1526 1107 1583 1150 et,
1611 1106 1727 1142 teste
1758 1099 1927 1141 Sancto

123 1261 231 1313 eni&
242 1261 347 1316 quia
358 1260 561 1304 homines
579 1276 669 1304 non
683 1262 851 1305 habent
867 1264 973 1305 dare
985 1263 1173 1317 propriis
1188 1262 1289 1304 filiis
1304 1268 1350 1304 et
1364 1261 1629 1310 domesticis,
1642 1261 1719 1315 qui
1733 1260 1926 1315 patriam

122 1341 409 1389 defenderent
428 1349 474 1385 et
491 1342 795 1398 hospitalitate
815 1349 860 1385 et
880 1344 998 1385 bono
1023 1343 1205 1385 consilio
1235 1344 1465 1385 nutrirent.
1531 1343 1622 1385 Fur
1642 1347 1688 1383 et
1714 1341 1829 1382 latro
1857 1346 1927 1381 est

121 1422 199 1476 qui
225 1421 369 1472 aliena
396 1422 559 1476 injuste
586 1423 702 1477 rapit
727 1429 773 1465 et
799 1424 973 1477 accipit.
1034 1423 1159 1473 Item,
1181 1423 1249 1464 fur
1278 1430 1347 1465 est
1368 1424 1468 1464 Deo
1495 1423 1571 1477 qui
1597 1428 1723 1464 actus
1750 1421 1927 1463 debitos

121 1501 218 1545 fieri
234 1502 428 1554 retrahit,
448 1503 649 1557 impedit,
669 1517 748 1546 seu
774 1519 864 1546 non
884 1504 988 1546 facit
1006 1521 1018 1555 ;
1054 1504 1174 1546 Xtus
1195 1504 1313 1546 enim
1335 1505 1380 1545 in
1402 1503 1645 1559 Evangelio
1666 1502 1786 1551 dicit,
1809 1507 1819 1523 ‘
1835 1501 1927 1542 Fur

121 1595 213 1625 non
224 1583 357 1635 venit,
371 1582 455 1624 nisi
474 1590 524 1625 ut
544 1590 711 1626 mactet
731 1591 777 1627 et
797 1583 980 1639 perdat‚'
998 1598 1058 1627 sc.
1071 1585 1192 1638 quod
1209 1591 1277 1626 oet
1296 1598 1388 1626 suae
1402 1583 1621 1625 voluntati
1642 1582 1925 1624 contrarium.

118 1661 198 1709 Sic
221 1663 465 1720 episcopus
486 1670 641 1717 rector,
661 1671 707 1707 et
730 1665 974 1717 officiarius,
996 1665 1039 1706 in
1059 1664 1225 1719 populo
1245 1665 1314 1705 fur
1340 1670 1408 1706 est
1428 1670 1473 1706 et
1495 1663 1719 1705 homicida
1746 1661 1927 1716 quando

119 1743 320 1802 impedit,
347 1744 419 1785 vel
450 1744 643 1795 retrahit,
673 1759 751 1788 seu
782 1760 870 1787 non
901 1745 1007 1787 facit
1038 1759 1175 1799 opera
1209 1746 1362 1787 debita
1390 1751 1437 1786 et
1466 1744 1724 1795 necessaria,
1750 1750 1796 1785 et
1824 1755 1928 1796 quae

120 1829 297 1867 tenetur
323 1823 477 1877 facere,
497 1826 602 1879 quia
625 1839 685 1867 ex
704 1825 878 1870 defectu
906 1826 984 1868 tali
1004 1826 1165 1868 animae
1191 1832 1377 1880 pereunt
1405 1832 1451 1868 et
1475 1825 1686 1867 deficiunt
1707 1839 1734 1866 a
1752 1822 1928 1865 virtuti-

120 1904 206 1946 bus
227 1917 257 1945 a
274 1904 405 1956 Deo;
434 1906 555 1959 quod
573 1913 700 1961 patet
720 1921 780 1948 ex
798 1907 943 1948 verbis
965 1906 1160 1959 Domini,
1182 1907 1429 1949 Ezechielis
1449 1906 1526 1961 iij0,
1550 1910 1559 1928 ‘
1575 1906 1625 1948 Si
1646 1919 1735 1947 non
1755 1918 1927 1946 annun-

120 1984 319 2034 ciaveris‚
351 1998 412 2026 sc.
446 1986 599 2028 debita
631 1987 899 2038 annunciari,
934 1987 1115 2036 homini,
1155 1988 1416 2042 sanguinem
1452 1987 1546 2041 ejus
1578 1987 1636 2028 de
1676 1999 1809 2026 manu
1846 1991 1926 2026 tua

121 2062 369 2118 requiram:
386 2064 415 2106 i.
429 2078 467 2107 e.
486 2065 582 2119 ejus
601 2074 745 2109 morte
764 2067 980 2121 spirituali
1002 2081 1062 2109 ex
1082 2074 1162 2109 tuo
1181 2068 1357 2110 defectu
1377 2075 1423 2110 te
1442 2067 1707 2109 aetemaliter
1726 2065 1923 2119 puniam.

237 2149 288 2194 [ιλ
314 2149 407 2194 550]
461 2150 674 2192 Eoeresis.
730 2148 982 2201 jeronimus
1016 2149 1073 2190 de
1108 2149 1262 2203 Praga,
1298 2149 1508 2202 magister
1547 2147 1724 2196 arcium,
1761 2145 1925 2199 laycus,

122 2224 322 2279 relapsus
346 2223 430 2267 fuit
457 2227 504 2269 in
530 2226 722 2269 haereses
746 2228 963 2282 Johannis
988 2228 1174 2283 NVyclyf
1199 2230 1257 2270 de
1283 2229 1452 2283 Anglia
1479 2236 1524 2270 et
1552 2226 1768 2281 Johannis
1800 2225 1926 2266 Huss

121 2305 182 2348 de
209 2305 362 2359 Praga,
381 2318 502 2359 quas
519 2320 635 2349 anno
655 2308 836 2352 Domini
857 2313 923 2350 m⁰
943 2313 1062 2357 cccc⁰
1086 2312 1178 2361 xv0,
1199 2309 1334 2363 xxiij⁰
1355 2310 1428 2351 die
1449 2309 1611 2350 mensis
1634 2306 1923 2361 Septembris,

122 2385 170 2426 in
207 2384 320 2426 sacri
358 2384 529 2426 concilii
569 2385 924 2430 constanciensis
963 2389 1161 2430 cessione
1201 2389 1379 2443 publica
1417 2389 1703 2442 abjuraverat,
1740 2392 1787 2427 et
1824 2386 1925 2427 ideo

122 2465 282 2506 merito
311 2469 418 2505 tunc
446 2464 560 2519 ignis
582 2468 780 2522 voragini
809 2469 1047 2523 deputatus
1077 2469 1160 2510 fuit
1189 2483 1268 2523 per
1295 2469 1404 2511 illud
1429 2468 1635 2523 generale
1662 2466 1924 2517 concilium;

123 2550 171 2587 et
214 2550 322 2585 tune
367 2543 597 2598 dampnati
641 2547 816 2591 fuerunt
860 2549 907 2591 in
953 2550 1112 2591 eodem
1163 2549 1347 2591 concilio
1394 2547 1728 2590 constanciensi
1774 2552 1927 2587 tamen

120 2623 349 2679 johannes
379 2623 595 2678 Magister
620 2625 806 2683 Wyclyf
832 2636 878 2671 et
905 2630 1122 2684 Magister
1149 2629 1376 2682 Johannes
1408 2630 1541 2676 Huss‚
1570 2634 1614 2668 et
1642 2639 1793 2668 eorum
1825 2625 1924 2666 libri

123 2705 366 2758 dampnati,
389 2710 441 2746 ut
468 2705 643 2747 videtur
668 2707 715 2749 in
744 2708 856 2752 libro
887 2710 961 2752 De
993 2710 1141 2752 Gestis
1174 2709 1531 2753 Constanciensis
1561 2713 1606 2748 et
1637 2707 1683 2747 in
1710 2705 1823 2755 libro
1851 2706 1926 2747 De

124 2785 274 2828 Gestis
309 2783 495 2827 Concilii
530 2785 807 2842 Basiliensis3
851 2796 898 2833 et
933 2804 1051 2832 anno
1087 2791 1167 2834 Xti
1203 2795 1268 2833 m⁰
1303 2795 1397 2833 ccc⁰
1434 2787 1717 2842 octogesimO,
1751 2787 1926 2828 vivente

982 2868 1014 2909 Q
1037 2871 1061 2900 2
