2456 3210
503 202 554 256 78
999 208 1131 245 LOCI
1165 208 1203 243 E
1242 207 1407 244 LIBRO
1455 207 1799 247 VERJTATUM.

497 366 574 407 pro
607 360 788 408 peccato
825 360 868 395 et
900 359 1002 394 tunc
1039 349 1318 394 curabimini.’
1392 351 1549 393 Redde
1587 365 1690 407 ergo
1721 354 1840 406 quod
1878 354 2024 406 debes,
2057 355 2216 399 affectu
2254 363 2299 400 et

498 434 666 485 effectu,
703 441 747 476 et
783 435 817 475 si
860 447 946 475 non
987 439 1112 487 potes
1149 432 1318 482 effectu,
1358 431 1518 473 affectu
1559 433 1750 485 restitue,
1781 441 1826 476 et
1867 435 2020 485 clama,
2056 437 2297 480 ‘Dominel

498 515 713 558 Domine!
758 515 935 568 copiosa
963 514 1223 567 redempcio,
1252 511 1372 554 solve
1405 526 1485 566 pro
1514 527 1596 563 me,
1627 520 1671 556 et
1699 515 1890 556 retribue
1922 529 2001 570 pro
2030 515 2145 558 me!’
2207 517 2298 560 Sed

500 602 587 638 ‘vae
612 597 695 638 illis
711 596 736 638 !'
769 596 873 637 dicit
896 594 1124 645 Dominus,
1146 593 1293 634 Ysaiae
1322 593 1476 646 quinto
1506 594 1710 648 capitulo,
1733 596 1830 649 ‘qui
1854 595 2092 650 justificant
2113 597 2297 651 impium

497 674 576 732 pro
618 674 891 727 muneribus‚’
927 677 952 717 i.
972 690 1009 717 e.
1043 675 1116 729 qui
1158 675 1308 716 dicunt
1349 675 1533 728 impium
1569 674 1736 728 justum
1768 690 1864 718 esse
1904 690 2052 718 coram
2085 677 2195 729 Deo,
2228 682 2297 720 ‘et

496 759 569 812 qui
611 758 760 799 dicunt
801 758 966 798 bonum
1002 769 1096 796 esse
1137 754 1301 796 malum
1343 760 1387 795 et
1424 754 1589 796 malum
1630 754 1825 797 bonum.’
1892 755 2025 798 Tales
2060 758 2223 807 dicunt,
2260 758 2298 800 si

495 839 697 880 sacerdos
732 837 932 878 absolvat
968 836 1175 878 vocaliter
1209 835 1445 886 hominem,
1478 834 1623 876 salvus
1663 842 1729 876 est
1765 850 1791 877 a
1826 837 2030 890 peccatis,
2067 843 2111 878 et
2147 844 2295 880 tamen

494 918 606 960 sorte
638 931 722 959 non
755 925 821 959 est
851 916 1078 958 absolutus
1108 930 1135 958 a
1166 915 1412 968 De0,⁴quia
1444 929 1530 956 non
1561 915 1698 958 habet
1732 917 1940 970 requisita
1975 918 2032 959 ad
2066 917 2160 969 hoc,
2193 919 2298 972 quia

495 999 617 1040 Deus
653 999 804 1052 pocius
841 998 997 1051 quaerit
1032 997 1168 1038 vitam
1204 996 1476 1050 spiritualem
1513 1010 1539 1037 a
1579 997 1824 1050 poenitente
1860 1004 1906 1039 et
1939 998 2102 1039 bonam
2142 998 2297 1040 volun-

493 1086 630 1121 tatem
681 1093 814 1132 quam
859 1078 1129 1119 sentenciam
1184 1077 1436 1126 sacerdotis,
1478 1083 1527 1118 ut
1576 1083 1767 1118 testatur
1807 1077 1998 1119 Sanctus
2047 1078 2296 1132 Jeronimus

492 1174 622 1213 super
653 1159 895 1208 Matheum,
931 1159 1123 1212 capitulo
1154 1165 1285 1199 sexto
1319 1158 1517 1199 decimo:
1561 1157 1783 1199 sentencia
1819 1158 1935 1199 enim
1974 1158 2215 1200 sacerdotis
2250 1160 2295 1201 in

493 1240 760 1282 absolvendo
801 1240 1041 1294 requiritur,
1082 1240 1118 1280 si
1162 1239 1270 1279 assit
1310 1238 1507 1289 facultas,
1548 1244 1615 1279 set
1660 1238 1800 1291 magis
1844 1238 2120 1292 requiruntur
2162 1252 2296 1293 opera

492 1335 567 1361 seu
601 1328 735 1372 actus,
764 1321 855 1362 sine
890 1320 1047 1374 quibus
1076 1320 1209 1371 Deus,
1241 1318 1490 1373 principalis
1517 1317 1742 1360 absolutor
1772 1318 1913 1372 culpae
1948 1325 1992 1360 et
2023 1332 2180 1373 poenae‚
2206 1332 2295 1361 non

488 1401 700 1454 justificat
736 1402 948 1455 impium;
990 1400 1109 1441 solus
1140 1399 1255 1440 enirn
1294 1399 1428 1451 Deus,
1464 1399 1538 1453 qui
1575 1398 1677 1440 fecit
1712 1399 1920 1448 animum,
1954 1398 2165 1452 justificat
2200 1399 2294 1441 ani-

493 1495 625 1532 mum,
666 1488 713 1522 ut
761 1487 947 1523 testatur
990 1480 1177 1522 Sanctus
1217 1479 1506 1534 Augustinus,
1548 1479 1659 1520 libro
1710 1493 1788 1520 suo
1830 1478 1908 1532 iij0,
1949 1484 2101 1520 contra
2145 1480 2294 1521 omnia

491 1575 624 1615 opera
675 1561 884 1611 Petiliam,
930 1561 1121 1614 episcopi
1168 1560 1519 1601 Donatistarum.
1596 1559 1636 1602 O
1687 1573 1821 1613 quam
1871 1558 1979 1600 fatui
2033 1563 2162 1601 sunt!
2218 1559 2293 1613 qui

492 1642 655 1691 dicunt,
677 1642 779 1682 Non
811 1654 913 1682 curo
942 1655 1040 1694 quae
1071 1655 1168 1694 ago,
1193 1640 1296 1694 quia
1327 1640 1362 1681 si
1394 1640 1598 1681 sacerdos
1629 1645 1766 1693 ponat
1798 1652 1977 1680 manum
2008 1652 2133 1681 suam
2163 1653 2294 1693 super

492 1728 625 1775 caput
657 1734 814 1768 meum,
837 1727 881 1761 et
909 1721 1038 1771 dicat,
1062 1720 1279 1762 ‘Absolvo
1307 1719 1374 1772 te,’
1396 1720 1543 1762 salvus
1575 1733 1659 1771 ero,
1681 1725 1726 1761 et
1751 1719 1814 1761 ita
1842 1719 2043 1770 mundus,
2065 1719 2177 1761 sicut
2207 1719 2291 1762 cati

494 1815 564 1842 me
600 1800 854 1842 lamberent.
917 1800 977 1841 Et
1013 1814 1145 1854 quam
1183 1800 1305 1842 stulti
1339 1806 1383 1842 et
1420 1806 1613 1842 errantes
1647 1805 1751 1840 sunt
1783 1798 1905 1850 tales,
1937 1799 2040 1852 quia
2075 1799 2153 1840 tali
2187 1798 2292 1842 faci-

491 1882 617 1923 litate
648 1882 833 1934 decepti,
864 1881 1023 1931 dicunt,
1055 1881 1158 1921 Non
1190 1894 1293 1923 curo
1325 1894 1424 1934 quae
1462 1879 1580 1922 mala
1615 1879 1739 1931 facio,
1773 1879 1875 1933 quia
1910 1879 1999 1920 cito
2034 1885 2079 1920 et
2109 1878 2293 1921 faciliter

490 1962 664 2003 veniam
711 1960 850 2014 culpae
892 1967 935 2002 et
975 1974 1118 2014 poenae
1162 1961 1360 2003 habebo!
1430 1960 1595 2012 Sciant,
1625 1960 1776 2011 sciant,
1816 1959 1936 2013 quod
1978 1959 2022 2000 in
2062 1959 2291 2001 voluntate

493 2043 578 2083 Dei
620 2041 819 2083 consistit
858 2054 915 2082 an
959 2041 1066 2082 salvi
1108 2048 1245 2092 erunt,
1287 2054 1343 2082 an
1385 2054 1486 2083 non.
1558 2040 1654 2082 Nec
1695 2045 1762 2081 est
1804 2039 1926 2080 Deus
1967 2045 2016 2081 ut
2054 2038 2200 2090 homo,
2241 2045 2290 2082 ut

493 2129 698 2171 mutetur,
721 2134 800 2162 nec
828 2126 877 2161 ut
905 2121 1169 2174 decipiatur3
1201 2121 1362 2162 talibus
1386 2121 1603 2162 Dominus
1623 2119 1841 2174 praedixit,
1863 2116 2012 2160 ‘Vael’
2043 2118 2290 2161 Ezechielis

491 2203 602 2256 xiij0,
642 2202 771 2256 ‘quia
809 2200 1088 2242 vivificabant
1128 2201 1294 2242 animas
1336 2215 1434 2255 quae
1476 2214 1563 2242 non
1606 2200 1770 2251 vivunt,
1812 2199 2079 2241 mencientes
2123 2198 2288 2253 populo

491 2297 604 2332 meo,
637 2282 829 2324 credenti
872 2281 1135 2331 mendaciis3
1177 2288 1221 2322 et
1261 2281 1523 2323 interficiunt
1563 2281 1733 2322 animas
1771 2293 1870 2333 quae
1912 2293 1998 2321 non
2032 2278 2287 2328 moriuntur,

491 2371 535 2404 et
560 2362 838 2404 vivificabant
865 2361 1033 2401 animas
1062 2361 1209 2414 populi
1238 2362 1337 2410 mei,
1364 2369 1408 2403 et
1436 2361 1660 2402 violabant
1689 2373 1759 2401 me
1786 2360 1843 2400 ad
1874 2358 2084 2413 populum
2114 2357 2289 2400 meum.’

492 2442 736 2484 Ezechielis
767 2440 866 2494 xiij⁰
897 2439 1100 2493 capitulo.
1169 2441 1257 2494 Ipsi
1289 2441 1454 2483 violant
1486 2440 1645 2491 Deum,
1676 2440 1718 2480 in
1750 2446 1966 2493 quantum
1998 2439 2041 2479 in
2072 2438 2177 2492 ipsis
2208 2444 2286 2490 est,

490 2523 563 2576 qui
600 2523 751 2564 dicunt
788 2521 934 2562 Deum
970 2519 1082 2560 velle
1123 2526 1166 2561 et
1201 2520 1342 2562 facere
1377 2521 1554 2574 aliquid,
1590 2520 1721 2574 quod,
1756 2519 1791 2560 si
1828 2519 1951 2561 Deus
1986 2518 2160 2569 faceret,
2194 2518 2286 2560 vio-

491 2602 605 2643 latus
650 2608 764 2643 esset
805 2609 848 2642 et
888 2599 1076 2642 violatus
1118 2606 1401 2653 reputaretur,
1442 2601 1544 2654 quia
1586 2606 1690 2642 tunc
1731 2600 1775 2640 in
1815 2613 1862 2640 se
1903 2598 2068 2640 malum
2109 2597 2283 2639 faceret.

490 2681 642 2735 Aliqui
679 2682 795 2722 enim
832 2681 1014 2722 credunt
1046 2679 1190 2720 Deum
1228 2680 1332 2720 dare
1372 2681 1489 2733 quod
1532 2694 1618 2722 non
1659 2679 1861 2722 convenit
1895 2679 1993 2720 Deo
2024 2678 2140 2729 dare,
2171 2677 2284 2718 sicut

491 2763 661 2802 veniam
709 2768 986 2815 peccatorum
1034 2759 1127 2810 illis,
1169 2759 1241 2812 qui
1288 2760 1459 2801 veniam
1512 2774 1588 2813 per
1634 2760 1796 2803 malam
1844 2772 1967 2801 suam
2008 2758 2283 2799 voluntatem
