2456 3210
495 232 549 263 20
990 226 1125 262 LOCI
1158 225 1197 261 E
1235 225 1400 261 LIBRO
1449 224 1792 261 VERITATUM.

493 382 572 423 per
615 367 961 410 subtraccionem
1012 368 1280 409 decimarum
1320 381 1349 407 a
1387 372 1552 408 rectore
1592 367 1648 408 ad
1692 366 1802 407 alios
1851 370 1977 407 extra
2027 365 2292 419 parochiam.

496 449 537 491 O
575 449 767 490 Domine
805 449 958 490 Deus!
1005 449 1124 502 aperi
1155 448 1303 489 oculos
1335 448 1494 489 mentis
1534 448 1577 488 in
1621 446 1847 502 episcopiS,
1880 453 1930 488 ut
1964 447 2144 489 videant
2184 454 2296 501 quot

496 544 658 584 magna
702 530 819 571 mala
857 530 950 583 jam
995 530 1189 571 radicata
1233 535 1335 570 sunt
1379 529 1422 569 in
1469 528 1634 582 populo
1681 529 1727 569 et
1773 528 1934 569 cotidie
1973 526 2175 581 pululant
2215 541 2297 582 per

497 612 702 665 indignos
735 616 962 665 promotos
1001 617 1044 651 et
1081 624 1158 664 per
1199 609 1605 664 appropriacionem
1642 609 1933 660 ecclesiarum,
1970 609 2033 650 ita
2062 610 2182 663 quod
2218 621 2297 663 per

493 691 741 733 exilitatem
771 691 912 732 victus
942 691 986 731 in
1018 691 1210 732 ecclesiis
1246 689 1568 744 parochialibus
1607 689 1901 744 appropriatis
1932 689 2025 743 jam
2067 703 2153 730 non
2193 695 2298 732 sunt

496 773 540 813 in
581 773 747 813 eisdem
784 772 921 813 curati
956 771 1104 825 aliquo
1146 771 1278 812 modo
1314 771 1483 812 habiles
1524 771 1580 812 ad
1622 784 1780 821 curam,
1816 771 1894 811 sed
1936 777 2056 812 stant
2090 776 2297 812 vacantes

496 853 608 894 sicut
647 866 750 894 oves
791 858 994 906 patentes
1035 838 1251 893 'morsibus
1296 852 1497 906 luporum
1531 865 1609 906 per
1648 852 1900 893 absenciam
1941 852 2156 892 bonorum
2197 865 2297 906 pas-

496 939 654 984 torum,
686 933 760 987 qui
796 939 898 974 sunt
933 933 1138 974 absentes
1171 933 1228 974 ab
1261 932 1454 974 ecclesiis
1489 946 1569 987 per
1601 947 1750 975 earum
1785 933 2194 987 appropriacionem
2227 932 2297 974 vel

496 1027 575 1066 per
611 1027 698 1054 non
740 1014 1026 1055 residenciam
1062 1014 1106 1054 in
1139 1015 1201 1055 eis
1238 1027 1336 1068 quae
1372 1014 1603 1055 sufficiunt.
1667 1014 1770 1056 Istae
1804 1014 1904 1055 duae
1941 1027 2095 1064 causae,
2127 1027 2185 1055 sc.
2221 1027 2298 1067 ap-

496 1094 739 1147 propriacio
776 1094 1054 1135 ecclesiarum
1091 1101 1135 1135 et
1169 1082 1349 1149 indigna
1386 1096 1608 1149 promocio
1639 1094 1682 1135 in
1715 1094 1919 1146 ecclesiis,
1950 1094 2123 1136 fuerunt
2155 1106 2299 1135 causae

498 1188 632 1227 quare
661 1189 739 1228 per
761 1174 949 1216 haereses
980 1176 1194 1229 pessimas
1225 1182 1269 1216 et
1301 1190 1466 1217 errores
1494 1175 1687 1217 ecclesiae
1719 1182 1762 1217 et
1793 1175 1902 1217 fides
1932 1175 2166 1217 destructae
2197 1180 2300 1216 sunt

494 1254 587 1308 jam
624 1255 667 1295 in
709 1255 850 1310 Praga
891 1262 935 1297 et
971 1256 1014 1296 in
1057 1270 1191 1310 regno
1232 1256 1456 1298 Bohemiae
1490 1270 1569 1310 per
1599 1257 1859 1297 instanciam
1893 1262 1937 1297 et
1969 1256 2162 1297 laborem
2196 1255 2300 1297 Pro-

499 1335 612 1388 copii
643 1334 835 1377 haeretici
869 1342 913 1378 et
945 1337 1061 1378 Petri
1091 1337 1236 1379 vocati
1268 1337 1385 1378 Petri
1416 1337 1609 1391 Anglici,
1639 1337 1830 1378 haeretici
1861 1337 2079 1390 praecipui,
2113 1337 2186 1390 qui
2220 1335 2303 1378 fuit

477 1413 614 1455 -filius
653 1416 779 1457 unius
815 1417 893 1458 viri
927 1418 982 1458 de
1017 1417 1161 1459 Gallia
1197 1419 1274 1459 sed
1312 1425 1442 1460 natus
1481 1419 1561 1460 fuit
1597 1419 1640 1460 in
1673 1418 1842 1472 Anglia
1882 1431 1960 1472 per
1993 1418 2075 1459 tria
2116 1417 2300 1459 miliaria

500 1509 526 1535 a
556 1495 660 1536 villa
691 1497 748 1537 de
779 1496 1064 1540 Grawntham
1096 1499 1139 1539 in
1169 1498 1274 1540 villa
1305 1500 1427 1553 cujus
1459 1513 1620 1541 nomen
1653 1505 1718 1541 est
1751 1498 1900 1552 Hogh,
1927 1504 1972 1540 et
2002 1497 2106 1539 illud
2140 1511 2301 1539 nomen

501 1576 544 1615 in
575 1576 698 1617 boria
727 1577 906 1631 Angliae
938 1579 1206 1631 significatur
1235 1579 1330 1629 hoc,
1364 1581 1541 1621 nomine
1572 1580 1746 1630 Latino,
1771 1593 1880 1621 crus.
1941 1578 2002 1620 Et
2035 1579 2118 1620 iste
2148 1578 2302 1619 Petrus

501 1655 732 1699 haereticus
764 1658 845 1700 fuit
876 1661 1085 1713 magister
1113 1660 1277 1702 arcium
1310 1660 1500 1703 Oxoniae
1530 1660 1659 1702 valde
1695 1659 1908 1701 subdolus
1943 1664 1988 1700 et
2022 1658 2189 1700 furatus
2216 1657 2303 1699 fuit

501 1737 695 1790 sigillum
725 1752 957 1781 commune
988 1741 1308 1792 Universitati5‚
1330 1742 1412 1782 sub
1443 1756 1531 1796 quo
1562 1741 1734 1795 scripsit
1763 1740 1979 1783 haereticis
2011 1738 2302 1793 Pragensibus

503 1818 623 1870 quod
647 1818 827 1860 Oxonia
853 1826 897 1861 et
924 1826 1019 1861 tota
1041 1821 1207 1875 Anglia
1233 1821 1314 1863 fuit
1343 1822 1445 1864 fidei
1475 1822 1771 1877 Pragensium,
1793 1821 1994 1875 exceptis
2016 1819 2136 1862 falsis
2161 1818 2303 1861 fratri-

502 1897 585 1939 bus
627 1899 989 1941 mendicantibus,
1053 1900 1166 1942 Haec
1198 1902 1369 1956 scripsit
1405 1902 1477 1943 ille
1516 1902 1650 1943 falsus
1684 1901 1915 1942 haereticus
1951 1900 2025 1954 qui
2065 1899 2305 1941 vocabatur

470 1977 696 2019 *Oxoniae
727 1978 882 2021 Petrus
915 1979 1058 2022 Clerk.

622 2058 877 2113 Superiores
920 2059 1012 2114 jam
1054 2061 1097 2101 in
1136 2061 1287 2103 officiis
1329 2063 1510 2104 mittunt
1547 2063 1739 2117 juniores
1780 2066 1825 2102 et
1869 2059 2082 2101 inhabiles
2126 2066 2176 2101 ut
2217 2059 2305 2101 sint

505 2139 671 2190 decani,
711 2140 1015 2192 archidiaconi,
1058 2147 1101 2182 et
1142 2143 1289 2194 curati,
1332 2150 1376 2185 et
1412 2143 1582 2197 judices
1622 2141 1785 2197 populi,
1821 2146 2000 2195 propter
2039 2140 2219 2182 divicias
2260 2145 2305 2181 et

504 2219 693 2261 honores
734 2221 980 2262 mundanos
1022 2224 1364 2275 consequendos,
1406 2230 1449 2265 et
1489 2223 1600 2265 tales
1633 2227 1858 2275 reportant
1898 2234 2004 2263 vasa
2041 2234 2120 2262 sua
2153 2234 2303 2272 vacua,

506 2301 684 2354 quando
715 2302 758 2342 in
790 2302 861 2342 die
893 2302 1043 2343 mortis
1074 2316 1164 2343 suae
1194 2304 1405 2345 videbunt
1436 2304 1603 2357 seipsos
1635 2309 1678 2343 et
1709 2302 1910 2343 subditos
1937 2316 2039 2344 suos
2068 2315 2231 2343 vacuos
2261 2301 2304 2343 in

506 2388 793 2435 conspectum
815 2382 900 2423 Dei
922 2396 948 2423 a
968 2382 1094 2423 bonis
1116 2384 1320 2436 operibus
1342 2391 1386 2425 et
1407 2385 1464 2425 ab
1485 2384 1654 2425 actibus
1676 2382 1845 2424 debitis.

624 2470 669 2513 [p.
693 2469 783 2513 3²7]
828 2463 943 2505 Item
973 2462 1017 2503 in
1049 2463 1348 2506 Universitate
1373 2464 1466 2518 jam
1498 2470 1599 2506 sunt
1629 2463 1776 2517 plures
1810 2462 1991 2504 admissi
2026 2462 2083 2504 ad
2118 2462 2304 2516 gradum

507 2557 585 2597 per
617 2544 847 2598 pecuniam
885 2550 929 2585 et
969 2557 1057 2584 non
1093 2558 1171 2597 per
1207 2545 1370 2586 bonam
1407 2545 1543 2585 vitam
1581 2557 1660 2585 nec
1696 2543 1936 2595 scientiam,
1968 2550 2012 2586 et
2052 2542 2153 2584 ideo
2192 2540 2306 2596 perit

509 2625 696 2666 sciencia
727 2631 772 2667 et
802 2624 1042 2666 residencia
1077 2624 1291 2666 bonorum
1334 2631 1593 2673 curatorum,
1625 2638 1727 2665 vera
1760 2624 1876 2665 enim
1907 2623 2216 2667 habundancia
2257 2620 2306 2662 il-

511 2703 650 2745 lorum
682 2705 876 2759 inopiam
903 2704 1119 2759 suppleat.

627 2786 844 2827 Dominus
877 2786 992 2827 enim
1025 2799 1140 2839 papa
1173 2785 1250 2826 Xti
1283 2786 1465 2826 vicarius
1497 2786 1608 2826 benc
1645 2792 1687 2826 et
1722 2786 1940 2827 meritorie
1977 2790 2123 2839 potest
2157 2796 2306 2837 super-
