2456 3210
472 196 527 248 84
967 204 1099 240 [σε]
1133 205 1172 239 E
1211 203 1376 238 LIBRO
1425 200 1767 236 VERJTATUM'.

472 346 604 387 lendo
641 360 779 388 unum
817 347 1001 389 mortale
1042 348 1160 402 quod
1197 346 1316 388 aliud
1357 358 1445 386 non
1481 350 1705 386 remaneat
1747 344 2002 386 in·affectu.
2066 344 2278 386 ‘Auferte

474 426 640 468 malum
672 428 993 482 cogitacionum
1025 433 1267 469 vestrarum
1295 426 1351 467 ab
1380 424 1518 467 oculis
1550 423 1682 475 meis‚’
1707 425 1733 465 i.
1749 438 1786 467 e.
1818 438 1907 466 non
1937 424 2082 467 solum
2111 424 2278 467 malum

474 521 585 561 opus
611 507 766 558 delete,
790 509 867 550 sed
894 508 1059 551 malum
1085 521 1346 551 consensum
1368 506 1579 560 quiescite
1603 511 1733 559 agere
1758 519 1973 559 perverse,
1996 505 2066 548 i.e.
2088 508 2279 548 ‘cessate

474 603 500 630 a
542 587 679 629 malo’
715 590 850 630 verbo
892 596 937 631 et
976 589 1104 639 facto,
1142 590 1305 631 amodo
1335 588 1516 629 ‘discite
1545 587 1658 628 bene
1698 584 1866 638 facere,’
1896 586 1923 627 i.
1942 601 1978 629 e.
2015 588 2199 641 quaerite
2232 593 2279 629 et

474 671 726 723 cognoscite
758 684 892 724 opera
928 671 1045 712 bona
1077 675 1122 711 et
1157 676 1292 720 actus,
1330 669 1404 723 qui
1442 681 1589 710 coram
1624 668 1723 709 Deo
1759 667 1851 709 fieri
1887 668 2115 710 debentur.
2175 668 2280 710 Non

476 752 592 791 enim
635 751 752 799 dicit,
787 751 907 793 Bene
938 751 1078 800 facite,
1113 751 1202 801 sed,
1242 755 1251 773 ‘
1271 750 1441 791 Discite
1480 749 1594 791 bene
1626 747 1793 801 facere‚'
1823 755 1873 792 ut
1907 763 1987 804 per
2023 748 2119 791 haec
2147 748 2282 791 verba
2314 806 2318 813 Ι

476 832 663 872 sciamus
695 832 813 885 quod
841 832 1060 873 Dominus
1090 832 1185 874 vult
1216 846 1296 873 nos
1327 844 1522 886 quaerere
1553 837 1598 872 et
1627 831 1817 882 studere,
1839 831 1897 872 ad
1928 831 2281 886 cognoscendum

476 926 527 953 ea
554 926 653 966 quae
681 912 812 953 saluti
840 914 999 954 animae
1027 914 1257 967 pertinent,
1280 920 1324 955 et
1352 926 1487 967 opera
1514 912 1588 954 illa
1616 926 1727 967 quae,
1751 927 1810 954 ex
1834 911 1932 966 jure
1959 913 2120 965 divino,
2140 911 2282 954 facere

475 999 692 1042 tenentur,
728 1000 777 1034 ut
818 1000 1007 1036 testatur
1048 994 1239 1036 Sanctus
1274 994 1537 1047 Jeronimus,
1575 994 1619 1034 in
1657 992 1988 1036 Commentario
2032 1007 2112 1036 suo
2151 1003 2284 1048 super

474 1074 667 1125 Ysaiam,
690 1074 800 1115 libro
831 1075 999 1128 primo;
1031 1082 1076 1117 et
1103 1089 1236 1130 opera
1264 1075 1414 1129 aliqua
1443 1074 1503 1116 ibi
1530 1075 1748 1116 Dominus
1777 1075 1986 1127 nominat,
2007 1089 2107 1129 quae
2137 1074 2281 1116 facere

476 1160 693 1204 tenentur,
716 1157 726 1175 ‘
740 1154 937 1209 Quaerite
961 1155 1187 1209 judicium,
1209 1157 1438 1198 subvenite
1469 1169 1691 1211 oppresso,
1707 1156 1904 1210 judicate
1931 1155 2111 1211 pupillo,
2132 1155 2281 1197 defen-

476 1236 567 1277 dite
596 1237 773 1277 viduam
791 1234 820 1287 ς’
851 1244 954 1279 tunc
988 1238 1045 1278 ‘si
1075 1237 1250 1300 fuerunt
1278 1244 1461 1292 peccata
1487 1243 1633 1279 vestra
1660 1243 1710 1279 ut
1737 1237 1976 1287 coccinum,
2009 1238 2031 1278 i.
2049 1251 2087 1278 e.
2120 1249 2283 1290 magna

477 1323 521 1357 et
552 1317 735 1369 intensa,
773 1319 897 1372 quasi
934 1319 1012 1359 nix
1049 1318 1398 1371 dealbabuntur,'
1434 1319 1461 1359 i.
1484 1333 1519 1360 e.
1552 1332 1653 1360 vere
1685 1331 1712 1359 a
1743 1331 1843 1359 meo
1875 1318 1974 1359 Deo
2006 1317 2284 1359 remittentur

478 1403 522 1438 et
559 1397 832 1441 delebuntur.
910 1399 1126 1442 Sacerdos
1162 1402 1279 1442 enim
1315 1400 1500 1442 audiens
1535 1399 1830 1441 confessiones
1872 1399 2112 1453 prudenter
2151 1399 2283 1440 inter-

479 1485 603 1530 roget
623 1496 625 1498 ’
644 1484 688 1520 et
729 1487 909 1533 quaerat,
948 1495 1027 1535 per
1066 1483 1262 1523 raciones
1302 1488 1347 1523 et
1389 1481 1635 1523 evidencias
1676 1487 1925 1522 sanctorum
1966 1480 2197 1522 doctorum
2238 1485 2285 1522 et

478 1559 703 1611 scripturae
740 1574 884 1612 sacrae,
922 1576 1021 1615 quae
1057 1564 1114 1604 sit
1147 1563 1219 1605 via
1257 1569 1376 1604 recta
1409 1563 1453 1603 in
1489 1575 1624 1616 quam
1655 1561 1886 1616 poenitens,
1916 1561 2035 1603 bona
2075 1567 2121 1603 et
2159 1560 2284 1603 suavi

479 1639 790 1683 informacione
832 1648 876 1683 et
917 1644 1118 1685 doctrina
1157 1644 1427 1693 confessoris,
1465 1644 1707 1694 inducatur,
1744 1649 1788 1684 et
1830 1656 1929 1696 quae
1969 1647 2071 1683 sunt
2108 1642 2192 1682 viae
2228 1641 2285 1683 si-

479 1720 640 1771 nistrae,
677 1736 785 1775 quas
816 1723 957 1776 ipsum
989 1725 1140 1778 fugere
1177 1732 1364 1779 oportet,
1395 1739 1495 1767 cum
1528 1724 1707 1773 semitis,
1739 1723 1766 1764 i.
1784 1737 1820 1765 e.
1853 1736 1952 1765 cum
1983 1722 2284 1764 occasionibus

479 1801 735 1855 propinquis
771 1804 950 1857 peccati,
981 1805 1025 1845 in
1055 1805 1162 1857 visu,
1198 1812 1329 1854 tactu,
1362 1805 1551 1860 loquela,
1583 1811 1628 1846 et
1658 1804 1702 1845 in
1732 1803 1949 1858 pestiferis
1979 1802 2150 1854 osculis,
2184 1814 2284 1857 quae

482 1887 677 1923 mentem
713 1883 949 1926 osculantis
990 1886 1132 1927 ardori
1172 1886 1365 1928 libidinis
1404 1885 1718 1941 conglutinant.
1788 1884 1954 1938 Vipera
1994 1884 2123 1934 enim,
2154 1896 2282 1951 oscu-

481 1960 615 2003 lando
647 1963 902 2015 masculum,
931 1965 1149 2008 abscindit
1189 1966 1281 2020 ejus
1312 1972 1456 2021 caput,
1486 1972 1535 2007 ut
1565 1970 1753 2007 testatur
1784 1964 1972 2007 Sanctus
2004 1965 2198 2006 Isidorus
2237 1964 2283 2005 in

481 2041 603 2083 libris
639 2042 944 2095 Ethicarum¹;
986 2046 1046 2087 sic
1088 2061 1237 2089 revera
1267 2048 1416 2090 oscula
1457 2046 1689 2088 libidinosa
1726 2051 1771 2087 et
1805 2045 2039 2099 amplexus
2074 2044 2284 2099 elongant

484 2129 680 2164 mentem
716 2137 743 2165 a
773 2125 1007 2166 virtutibus
1044 2133 1087 2168 et
1122 2128 1350 2170 involvunt
1384 2129 1429 2169 in
1465 2126 1646 2168 terrenis
1684 2132 1729 2167 et
1764 2125 2009 2167 carnalibus
2043 2124 2283 2167 desideriis.

486 2202 746 2245 Consideret
785 2205 904 2258 quod
941 2213 1145 2259 peccator
1186 2222 1272 2249 non
1314 2213 1462 2262 potest
1496 2221 1523 2248 a
1558 2206 1749 2260 peccatis
1788 2205 2015 2247 hominem
2056 2204 2284 2247 absolvere

485 2283 791 2335 indifferenter,
825 2291 874 2326 ut
910 2285 1004 2339 ipse
1041 2287 1110 2327 vel
1146 2295 1195 2329 ut
1236 2288 1450 2329 confitens
1484 2286 1591 2336 vult,
1621 2286 1699 2327 sed
1736 2292 1785 2327 ut
1814 2285 1928 2327 velle
1963 2285 2153 2336 debent3
2194 2297 2283 2326 non

486 2364 604 2404 enim
638 2371 687 2406 ut
715 2364 930 2416 voluntas,
955 2366 1032 2407 sed
1066 2373 1112 2408 ut
1144 2368 1259 2409 racio
1292 2368 1445 2421 exigit,
1474 2366 1635 2408 debeat
1665 2366 1867 2407 sacerdos
1898 2365 2135 2416 absolvere,
2165 2364 2283 2406 unde

486 2443 667 2497 angelus
697 2445 812 2487 dixit
844 2445 1010 2487 Sancto
1032 2446 1162 2488 Petro
1193 2447 1406 2501 apostolo,
1428 2452 1528 2501 post
1558 2447 1859 2488 ascensionem
1882 2447 1974 2495 Xti‚
1996 2445 2195 2488 Actuum
2216 2448 2282 2495 κο,

486 2525 495 2542 ‘
511 2523 642 2576 Quod
667 2525 788 2566 Deus
814 2526 1054 2577 mundavit,
1076 2533 1122 2568 tu
1153 2541 1208 2569 ne
1232 2540 1465 2569 commune
1492 2524 1686 2575 dixeris‚'
1716 2527 1785 2568 i.e.
1808 2526 2098 2575 immundum,
2129 2525 2201 2567 i.e.
2226 2537 2283 2566 ne

488 2603 607 2645 dicas
635 2612 694 2657 tu,
717 2606 856 2657 Petre‚
876 2606 985 2648 illud
1008 2620 1101 2648 esse
1129 2608 1404 2649 immundum
1436 2606 1555 2660 quod
1578 2606 1700 2647 Deus
1728 2606 1821 2660 ipse
1849 2605 2089 2656 mundavit,
2112 2618 2192 2646 nec
2216 2603 2285 2645 di-

488 2695 559 2723 cas
581 2698 675 2727 esse
703 2688 928 2738 mundum,
950 2700 1028 2729 nec
1049 2700 1076 2728 a
1096 2688 1286 2741 peccatis
1306 2685 1569 2735 absolutum,
1593 2699 1725 2739 quem
1747 2687 1870 2728 Deus
1890 2685 2166 2728 immundum
2189 2697 2284 2726 esse

734 2776 743 2793 ¹
768 2777 796 2807 T
798 2777 838 2809 he
854 2788 993 2819 passage
1010 2777 1147 2810 referred
1163 2781 1197 2809 to
1216 2778 1241 2809 is
1258 2778 1289 2809 in
1308 2777 1362 2809 the
1383 2777 1458 2809 12th
1474 2776 1565 2809 book
1582 2777 1620 2809 os
1631 2776 1785 2810 Isidore’s
1801 2777 2031 2819 Etymologiae.
