2456 3210
446 264 528 306 214
947 259 1079 297 LOCI
1112 260 1151 295 E
1189 259 1355 297 LIBRO
1404 259 1747 299 VERITATCJM.

445 404 626 446 Domini
664 410 782 455 1457,
814 402 885 444 die
921 402 1142 444 dominica
1175 401 1283 443 infra
1325 408 1502 444 octavas
1545 401 1696 445 Sancti
1730 402 1921 455 Martini,
1953 401 2130 457 gloriosi
2166 401 2247 444 Xti

445 484 715 527 confessoris.
790 483 851 524 Et
887 483 930 523 in
968 483 1157 524 crastino
1195 482 1347 525 Sancti
1389 483 1633 533 Edmundi,-
1664 484 1776 538 regis
1811 477 1856 526 et
1897 484 2094 536 martiris,
2129 483 2246 525 idem

446 565 591 607 Pecok
633 564 863 618 episcopus
906 564 1123 605 revocavit
1164 564 1358 605 diversas
1399 561 1701 606 conclusiones
1741 559 1834 619 per‘
1861 578 1961 606 eum
1998 565 2163 619 positas
2202 564 2246 604 in

444 646 564 687 libris
600 646 687 686 suis
724 651 768 686 et
800 644 856 685 ab
893 645 955 685 eis
988 644 1163 686 recessit
1202 657 1347 685 coram
1381 643 1709 699 archiepiscopo
1745 651 1789 686 et
1822 645 2169 700 aliis-episcopis
2203 650 2248 687 et

445 726 696 768 doctoribus
727 724 997 779 Theologiae,
1028 724 1232 766 secularis
1272 724 1449 766 habitus
1490 731 1534 766 et
1575 725 1795 780 religiosi3
1838 732 1882 768 et
1917 739 2034 769 anno
2065 725 2246 767 Domini

446 806 677 847 millesimo
693 805 1057 859 quinquagesimo
1077 803 1172 861 (sic)
1189 805 1392 859 septimo,
1408 806 1526 859 apud
1550 805 1775 859 Lamhith,
1796 805 1877 849 die*
1891 807 2159 849 Novembris
2180 805 2247 859 28,v

445 889 487 928 in
505 888 743 942 praesencia
759 886 926 928 domini
951 886 1277 929 Cantuariensis
1300 892 1345 928 et
1366 885 1550 928 aliorum
1572 888 1875 941 episcoporum
1897 895 1941 930 et
1962 889 2249 943 plurimorum

445 970 676 1010 doctorum
712 966 981 1022 Theologiae,
1023 967 1201 1009 recessit
1240 981 1267 1008 a
1298 967 1418 1009 libris
1458 968 1548 1009 suis
1588 981 1699 1022 quos
1732 970 1975 1023 scripserat,
2010 974 2055 1010 et
2084 956 2111 1012 a
2147 953 2249 1011 conss

445 1049 711 1092 clusionibus
748 1049 849 1098 suis,
880 1055 924 1090 et
955 1048 1052 1089 illas
1085 1048 1303 1102 abjuravit
1335 1048 1502 1090 ibidem
1532 1049 1637 1102 ipsis
1666 1050 1969 1103 praesentibus,
2001 1055 2046 1092 et
2076 1049 2249 1092 duobus

445 1131 634 1172 dominis
670 1129 947 1180 secularibus,
983 1143 1041 1171 sc.
1067 1130 1248 1171 domino
1274 1129 1451 1172 Thoma
1485 1129 1650 1182 Stanle,
1675 1137 1720 1172 et
1756 1131 1937 1173 domino
1974 1132 2045 1173 De
2077 1117 2248 1186 Scalysss

446 1218 490 1253 et
528 1211 676 1253 multis
713 1211 951 1261 militibus;
993 1216 1037 1252 et
1074 1224 1228 1252 omnes
1265 1210 1398 1252 libros
1428 1218 1533 1253 tu'nc
1574 1212 1814 1254 revocavit:
1853 1220 1898 1254 et
1928 1213 1990 1255 sic
2030 1213 2250 1255 revocavit

445 1293 568 1334 illum
609 1292 768 1333 librum
811 1305 940 1333 suum
982 1292 1218 1346 proprium,
1251 1292 1295 1332 in
1336 1306 1425 1346 quo
1467 1293 1638 1347 scripsit
1673 1294 1793 1346 quod
1834 1294 2076 1348 episcopus,
2111 1294 2155 1335 in
2196 1283 2249 1335 eo

446 1372 563 1424 quod
597 1371 827 1425 episcopus
860 1376 939 1418 est,
972 1383 1060 1411 non
1093 1369 1314 1424 obligatur
1344 1370 1607 1423 praedicare3
1640 1376 1685 1412 et
1718 1384 1889 1424 magnae
1923 1384 2066 1412 causae
2102 1384 2250 1412 move-

445 1452 554 1493 bant
594 1451 774 1492 clericos
813 1457 857 1492 et
897 1451 1100 1492 dominos
1140 1450 1406 1504 temporales
1457 1450 1644 1492 multum
1684 1457 1836 1492 contra
1877 1465 1989 1500 eum,
2031 1465 2092 1493 sc.
2129 1441 2248 1505 quo'd

446 1532 617 1586 scripsit
657 1531 770 1574 altas
812 1532 1029 1582 materias,
1068 1532 1093 1573 i.
1109 1545 1145 1572 e.
1178 1531 1431 1585 profundas,
1451 1532 1508 1572 :in
1545 1530 1758 1586 Anglicis,
1788 1545 1888 1585 quae
1923 1532 2076 1586 pocius
2110 1520 2250 1574 abdu-

447 1618 594 1653 cerent
630 1612 763 1653 laicos
796 1626 822 1653 a
851 1612 968 1653 bono
999 1625 1133 1666 quam
1171 1625 1229 1653 ex
1259 1625 1364 1653 vero
1400 1611 1531 1653 simili
1562 1612 1708 1666 plures
1738 1612 1948 1654 ducerent
1979 1612 2036 1654 ad
2067 1612 2247 1653 bonum.

450 1693 576 1743 Item,
598 1693 840 1734 secundum
873 1706 1083 1747 magnum
1113 1692 1328 1734 motivum
1360 1698 1513 1734 contra
1545 1692 1670 1733 illum
1692 1692 1837 1734 Pecok
1868 1693 2124 1747 episcopum
2155 1692 2248 1742 fuit,

448 1775 566 1828 quod
591 1773 820 1827 vilipendit
847 1780 891 1814 et
920 1776 1061 1815 renuit
1090 1786 1224 1827 opera
1253 1781 1297 1814 et
1326 1773 1486 1827 scripta
1512 1779 1765 1815 sanctorum
1794 1773 2023 1815 doctorum
2051 1773 2248 1815 ecclesiae

450 1854 663 1895 Sanctum
694 1853 980 1906 Jeronimum,
1013 1853 1228 1896 Sanctum
1251 1853 1566 1908 Augustinum,
1596 1860 1640 1895 et
1670 1854 1849 1895 beatum
1871 1852 2171 1903 Ambrosium,
2205 1859 2250 1895 et

448 1935 629 1976 beatum
654 1933 925 1987 Gregorium,
956 1941 1001 1976 et
1032 1948 1186 1976 omnes
1211 1935 1322 1976 alios
1353 1935 1584 1988 scriptores
1614 1934 1801 1975 dicendo
1822 1933 2001 1975 ‘Vathl’
2031 1935 2088 1976 de
2117 1934 2251 1988 scrip-

450 2017 507 2057 tis
544 2028 694 2056 eorum
726 2021 977 2055 sanctorum
1010 2014 1090 2055 nisi
1122 2015 1294 2056 racione
1330 2014 1516 2056 naturali
1548 2014 1666 2055 dicta
1700 2027 1779 2055 sua
1812 2014 2057 2067 probarent.
2121 2014 2250 2064 Item,

449 2096 553 2150 quia
584 2095 761 2149 negavit
796 2108 1029 2136 commune
1065 2095 1304 2136 cimbolum
1336 2109 1431 2137 esse
1457 2093 1703 2136 'cimbolum
1735 2094 1792 2135 ab
1823 2094 2036 2148 apostolis
2066 2095 2249 2137 editum.

451 2177 578 2224 Item,
615 2176 718 2230 quia
753 2175 855 2217 fecit
889 2189 1050 2216 novum
1086 2182 1131 2217 et
1168 2176 1348 2230 longum
1385 2175 1623 2217 cimbolum
1659 2187 1786 2215 suum
1820 2175 2043 2229 proprium
2077 2175 2122 2216 in
2154 2174 2251 2216 An-

450 2257 585 2311 glicis‚
629 2257 672 2297 in
715 2270 803 2310 quo
843 2256 992 2297 omisit
1033 2263 1152 2298 certa
1187 2257 1331 2311 posita
1368 2256 1411 2296 in
1447 2254 1637 2298 cimbolo
1670 2260 1819 2296 nostro
1859 2255 2170 2310 apostolorum,
2207 2262 2252 2298 et

451 2338 623 2391 scripsit
644 2337 763 2391 quod
793 2336 928 2377 homo
956 2337 1151 2379 crederet
1180 2337 1409 2379 ecclesiam
1431 2335 1692 2378 catholicam
1719 2349 1827 2388 esse,
1852 2337 1929 2378 sed
1958 2350 2047 2378 non
2078 2342 2252 2379 tenetur

451 2425 567 2460 stare
606 2417 963 2459 determinacioni
1005 2417 1210 2468 ecclesiae,
1243 2418 1279 2459 si
1320 2418 1453 2459 homo
1494 2415 1655 2458 habeat
1699 2416 1987 2459 sufficientem
2028 2417 2252 2471 exceptio-

452 2511 553 2538 nem
586 2498 630 2538 in
657 2497 833 2551 ingenio
858 2510 938 2538 suo
964 2502 1116 2538 contra
1143 2497 1277 2539 illam.
1327 2497 1388 2538 Et
1419 2495 1574 2537 eodem
1605 2509 1722 2536 anno
1751 2495 1831 2538 Xti
1857 2496 2083 2549 jesu-mm
2104 2499 2251 2538 ccccmo

453 2577 818 2632 quinquagesimo
858 2577 1060 2630 septimo,
1093 2576 1141 2630 ija
1172 2577 1393 2618 dominica
1433 2575 1649 2617 adventus
1692 2575 1882 2624 Domini,
1916 2589 2015 2629 quae
2056 2575 2138 2617 fuit
2177 2575 2252 2618 illo

453 2672 568 2699 anno
605 2659 648 2699 in
682 2658 754 2699 die
787 2657 964 2700 Sanctae
1000 2656 1205 2698 Barbarae
1240 2656 1418 2711 virginis
1454 2662 1499 2697 et
1535 2655 1735 2705 martiris,
1771 2669 1829 2698 sc.
1863 2662 2020 2711 quarto
2056 2656 2127 2697 die
2161 2655 2255 2697 Des

454 2738 652 2789 cembris,
677 2738 720 2779 in
749 2737 987 2793 praesencia
1014 2736 1329 2792 archiepiscopi
1357 2736 1523 2777 Bouser
1551 2742 1594 2777 et
1626 2736 1929 2791 episcoporum
1959 2735 2178 2778 Roffensis
2209 2741 2252 2778 et

456 2815 788 2868 Londoniensis‚
821 2818 938 2860 idem
973 2817 1118 2859 Pecok
1153 2817 1329 2859 recessit
1360 2830 1386 2857 a
1415 2815 1535 2857 libris
1566 2816 1654 2857 suis
1686 2817 1903 2868 omnibus,
1928 2823 1976 2858 et
2008 2816 2050 2857 in
2080 2816 2251 2869 scriptis
