2456 3210
481 275 562 319 134
979 269 1111 305 LOCI
1146 269 1185 304 E
1223 269 1390 304 LIBRO
1437 269 1780 309 VERJTATUM.

479 418 525 454 et
557 426 682 455 orrea
717 426 867 454 eorum
895 413 1183 467 projecerunt,
1210 420 1255 455 et
1291 413 1467 467 penitus
1497 414 1822 465 destruxerunt,
1850 427 1950 455 curn
1979 427 2129 455 eorum
2155 413 2283 455 bonis

481 498 526 534 et
546 493 704 548 granis,
728 500 772 535 et
792 494 957 536 bestias
985 507 1137 536 eorum
1166 494 1447 545 occiderunt3
1485 499 1531 536 et
1557 499 1708 535 tamen
1737 507 1819 536 nec
1847 494 1891 535 in
1918 493 2015 548 jure
2045 494 2178 548 regni,
2201 506 2283 535 nec

481 573 525 615 in
559 575 821 616 executione
856 574 966 629 juris
1003 574 1199 617 ecclesiae
1234 574 1377 629 puniti
1413 574 1600 624 fuerunt,
1635 588 1716 616 nec
1755 575 1928 629 perdita
1960 579 2282 629 reparaverunt,

482 667 561 696 ηερ
603 654 661 696 ad
704 655 998 709 reparandum
1037 655 1205 709 aliquid
1250 655 1486 706 solverunt,
1523 661 1568 696 et
1613 655 1775 697 milites
1814 655 1928 697 inter
1971 660 2151 697 caeteros
2199 654 2284 696 hoe

481 735 688 778 fecerunt.
750 736 877 787 Item,
911 736 1013 779 novi
1048 751 1182 778 unum
1213 735 1422 791 juvenem
1457 736 1763 778 verberantem
1799 736 1933 778 alium
1969 735 2195 778 hominem
2231 749 2285 777 eo

482 817 602 870 quod
643 817 762 859 idem
803 817 1056 859 verberatus
1094 818 1234 860 voluit
1274 818 1467 871 inpuisse
1511 831 1647 858 unum
1687 831 1842 859 canem
1883 817 2081 872 magistri
2121 815 2199 867 sui,
2241 822 2286 858 et

483 911 591 938 mox
622 911 734 939 unus
762 899 980 952 pessimus
1012 899 1137 940 miles
1170 904 1215 940 et
1247 898 1361 940 filius
1392 898 1572 953 dyaboli
1603 905 1648 940 et
1678 906 1848 953 patrem
1880 898 2028 952 ipsius,
2057 898 2132 952 qui
2163 911 2284 939 reum

481 978 737 1030 verberavit,
778 979 907 1034 cepit,
948 979 1112 1034 ligavit,
1145 985 1190 1021 et
1230 979 1362 1021 duxit
1401 979 1586 1034 ligatum
1622 979 1680 1020 ad
1721 985 1928 1029 castrum,
1961 984 2006 1020 et
2040 978 2101 1020 ibi
2141 978 2286 1032 ipsum

483 1059 674 1101 detinuit
709 1060 753 1100 in
788 1059 901 1102 ferro
937 1066 983 1102 et
1016 1060 1145 1111 fame,
1179 1061 1295 1102 unde
1331 1074 1389 1102 ex
1426 1060 1501 1102 illa
1536 1059 1876 1102 incarceratione
1917 1059 2196 1110 moriebatur,
2229 1072 2287 1100 ex

483 1139 809 1182 infirmitatibus
850 1147 894 1182 et
935 1141 1159 1183 doloribus
1204 1141 1395 1183 causatis
1434 1140 1479 1181 in
1518 1140 1625 1195 ipso,
1665 1141 1771 1181 dum
1811 1139 1895 1182 fuit
1935 1141 1980 1181 in
2020 1153 2202 1191 carcere,
2242 1146 2288 1181 et

483 1220 612 1262 valde
646 1221 789 1263 bonus
823 1221 958 1264 homo
992 1221 1074 1264 fuit
1110 1222 1155 1263 in
1190 1222 1319 1273 fama,
1357 1228 1403 1263 et
1436 1221 1695 1276 praedictam
1729 1222 2078 1264 verberationem
2113 1220 2289 1276 penitus

483 1302 709 1356 ignoravit,
731 1317 811 1346 nec
842 1309 945 1358 post
974 1303 1141 1345 factum
1170 1303 1320 1356 agenti
1350 1302 1537 1354 favebat,
1558 1308 1603 1345 et
1632 1308 1727 1344 tum
1751 1303 1980 1357 tyrannice
2008 1303 2105 1346 haec
2134 1315 2289 1357 passus

485 1390 563 1435 est,
590 1391 635 1426 et
665 1385 731 1426 sui
763 1385 840 1426 filii
870 1385 998 1439 plura
1030 1384 1147 1425 mala
1183 1385 1300 1438 passi
1331 1390 1447 1426 sunt.
1509 1384 1637 1435 Item,
1670 1384 1788 1425 idem
1821 1390 2036 1438 tyrannus
2065 1383 2135 1425 vel
2163 1383 2289 1425 miles

484 1466 683 1508 vendidit
728 1480 862 1508 unam
908 1479 1117 1520 magnam
1162 1465 1328 1517 silvam,
1369 1466 1451 1507 sub
1498 1479 1578 1507 suo
1625 1465 1763 1519 signo,
1808 1465 1881 1506 uni
1930 1466 2024 1507 viro
2067 1465 2203 1516 fideli,
2244 1470 2290 1506 et

486 1547 665 1599 quando
700 1546 933 1601 pecuniam
966 1560 1057 1601 prae
1094 1546 1297 1587 manibus
1336 1546 1518 1601 accepit,
1553 1560 1660 1587 mox
1694 1545 1849 1588 silvam
1886 1545 2007 1588 illam
2043 1560 2070 1588 a
2105 1546 2290 1600 praefato

484 1627 579 1668 viro
612 1628 655 1667 vi
688 1627 885 1679 abstulit,
918 1634 962 1670 et
997 1627 1094 1669 aliis
1128 1627 1339 1678 vendidit,
1372 1634 1417 1670 et
1449 1628 1492 1668 in
1525 1641 1605 1668 suo
1637 1627 1813 1681 proprio
1843 1626 1941 1668 loco
1971 1627 2213 1681 asportavit
2246 1633 2291 1668 et

486 1707 741 1749 indenturas
773 1708 888 1761 parti
924 1708 990 1749 sui
1025 1708 1167 1762 fregit.
1241 1707 1376 1750 Unde
1416 1707 1490 1749 ille
1525 1707 1667 1750 fidelis
1706 1706 1842 1748 homo
1875 1708 2024 1748 omnia
2053 1707 2171 1748 bona
2210 1721 2290 1749 sua

485 1787 691 1842 perdidit,
724 1793 769 1829 et
808 1788 853 1828 in
890 1802 1051 1842 magna
1082 1788 1265 1830 tristicia
1296 1788 1418 1840 obiit,
1449 1794 1495 1830 et
1524 1794 1675 1830 tamen
1710 1787 1755 1829 in
1785 1787 1948 1829 talibus
1984 1787 2110 1829 malis
2146 1787 2292 1829 nullus

484 1868 626 1922 judex
662 1867 788 1919 sedit,
822 1881 901 1910 nec
933 1874 1170 1922 tyrannum
1205 1869 1468 1923 praedictum
1500 1868 1682 1923 punivit,
1719 1881 1798 1909 nec
1832 1868 1999 1910 audent
2030 1867 2125 1922 jam
2162 1868 2293 1911 susti-

488 1955 645 1990 nentes
681 1948 934 1989 manifestas
964 1948 1143 2002 injurias
1178 1949 1391 2002 quaerelas
1420 1963 1522 1991 suas
1553 1962 1735 1998 narrare,
1761 1961 1842 1990 nec
1875 1949 2030 1999 dicere,
2058 1962 2138 1990 nec
2169 1949 2293 1991 testi-

491 2029 688 2070 monium
713 2027 951 2082 perhibere,
972 2029 1075 2082 quia
1106 2043 1214 2070 mox
1239 2035 1343 2071 tunc
1367 2030 1652 2071 verberantur
1673 2028 1743 2070 vel
1773 2029 2041 2078 occiduntur,
2066 2035 2110 2071 et
2135 2030 2293 2071 domus

490 2122 642 2151 eorum
673 2109 967 2159 destruuntur,
990 2115 1034 2149 et
1065 2108 1272 2162 fugantur
1303 2124 1455 2151 eorum
1475 2109 1616 2161 amici,
1637 2109 1837 2162 quamvis
1869 2108 2000 2150 nichil
2036 2110 2080 2150 in
2109 2110 2294 2152 materia

490 2196 638 2244 agant.
700 2188 812 2230 Haec
842 2188 995 2239 scribo,
1028 2195 1074 2230 ut
1105 2191 1268 2243 posteri
1305 2196 1573 2244 cognoscant
1609 2189 1727 2242 quod
1761 2187 1877 2243 juste
1915 2190 2041 2243 punit
2073 2189 2293 2232 Dominus

492 2283 676 2324 regnum
713 2269 787 2310 ubi
825 2267 932 2310 talia
966 2269 1104 2310 multa
1139 2270 1225 2311 alia
1258 2271 1449 2324 pessima
1484 2275 1680 2323 regnant,
1714 2275 1759 2311 et
1795 2270 1855 2311 sic
1884 2269 1990 2322 justi
2024 2269 2292 2320 auferuntur,

492 2358 538 2393 et
577 2350 653 2405 qui
689 2349 1026 2399 considerarent,
1061 2363 1148 2391 non
1183 2351 1444 2404 ponderant.
1517 2350 1607 2392 Sed
1647 2349 1808 2391 veritas
1848 2351 1963 2402 vitae,
1994 2351 2216 2399 doctrinae,
2249 2357 2294 2392 et

486 2432 675 2486 justiciae
705 2430 865 2472 corruit
893 2429 937 2470 in
961 2429 1149 2484 plateis3
1181 2432 1312 2473 credo
1344 2431 1463 2485 quod
1494 2430 1621 2471 inicia
1651 2430 1852 2471 dolorum
1873 2431 1968 2474 haec
1998 2437 2112 2474 sunt.
2172 2431 2296 2472 Deus

491 2513 642 2554 videat
683 2511 914 2562 Dominus,
951 2515 997 2551 et
1031 2510 1236 2564 requirat,
1274 2512 1386 2553 sicut
1421 2511 1562 2552 oravit
1597 2510 1829 2552 Zacharias
1865 2512 2081 2563 sacerdos,
2117 2511 2295 2566 quando

492 2593 755 2647 lapidabant
795 2605 895 2634 eum
927 2604 1007 2646 pro
1041 2592 1378 2645 reprehensione
1411 2591 1581 2646 peccati
1620 2604 1782 2643 eorum,
1813 2598 1862 2634 ut
1897 2598 2021 2647 patet
2054 2596 2098 2635 2⁰
2135 2590 2296 2633 Parali-

493 2687 716 2728 pomenon
746 2678 832 2725 24⁰.

609 2760 663 2805 [p.
698 2761 766 2805 25-]
830 2755 933 2808 Jam
970 2754 1086 2796 enim
1117 2753 1374 2796 habundant
1409 2753 1600 2795 licenciae
1632 2767 1719 2795 non
1751 2755 1968 2796 residendi
2010 2754 2053 2794 in
2091 2752 2294 2801 ecclesiis,

497 2847 575 2876 nec
617 2836 659 2876 in
700 2835 863 2887 officiis,
904 2841 948 2877 et
988 2834 1082 2889 ipsi,
1125 2835 1198 2888 qui
1240 2835 1403 2876 habent
1445 2833 1657 2877 beneficia
1702 2849 1778 2877 seu
1822 2835 1976 2884 officia,
2006 2839 2164 2876 vacant
2207 2833 2296 2874 suis
