2456 3210
682 326 814 363 LOCI
847 327 886 361 E
923 326 1090 362 LIBRO
1137 326 1480 363 VERITATUM.
1904 327 1983 372 155

192 470 346 512 doctor
372 469 482 524 juris
511 469 719 519 canonici,
755 476 984 524 promotus
1024 470 1069 511 in
1099 476 1299 524 tempore
1332 470 1577 512 vacacionis
1612 469 1825 518 beneficii,
1856 482 1983 511 occu-

191 551 313 604 pavit
340 556 385 592 et
409 550 587 592 retinuit
615 549 1047 599 archidiaconatum3
1093 556 1139 592 et
1158 557 1263 592 tunc
1294 550 1367 592 ille
1392 551 1589 605 Prosper,
1611 551 1815 593 restituto
1846 549 1986 592 cardi-

191 630 370 682 nalatui,
406 630 692 685 implacitavit
727 636 878 672 contra
913 630 1174 684 praedictum
1205 630 1428 673 Thomam
1464 631 1508 672 in
1544 631 1663 673 curia
1692 631 1908 679 Romana,
1940 636 1987 671 et

192 710 382 753 finaliter
427 711 489 753 sic
544 710 796 753 concordati
844 710 1030 762 fuerunt,
1079 711 1199 765 quod
1249 711 1367 753 idem
1417 712 1649 753 cardinalis
1698 711 1900 753 habuerit
1941 715 1987 750 2⁰

192 791 405 834 beneficia
443 791 487 832 in
519 790 687 845 Anglia
721 791 766 831 in
801 791 1122 842 commendam,
1154 792 1210 833 ad
1246 791 1440 833 valorem
1477 799 1654 834 centurn
1690 791 1911 842 librarum,
1942 798 1987 833 et

193 885 367 926 semper
416 872 624 914 clamavit
671 878 824 913 contra
863 871 1080 925 Anglicos
1129 872 1174 913 in
1218 873 1337 914 curia
1387 872 1603 921 Romana,
1651 873 1814 922 dicens,
1867 871 1988 914 ‘Vos

193 939 385 1006 An'glici,
406 952 647 995 restituatis
667 951 800 994 michi
820 950 1110 994 beneficium?
1156 952 1277 1007 Papa
1299 953 1517 996 Martinus
1542 953 1720 1007 quintus
1747 952 1849 995 fecit
1876 966 1989 1007 prae-

193 1032 361 1074 dictum
402 1032 662 1087 Prosperum
701 1032 840 1074 filium
880 1033 1038 1074 sororis
1077 1047 1168 1074 suae
1207 1033 1474 1075 cardinalem
1515 1033 1768 1075 Romanum
1809 1033 1989 1087 qnando

160 1112 275 1154 —suit
309 1114 454 1154 aetatis
491 1111 541 1153 18
576 1126 802 1164 annorum,
840 1119 885 1154 et
919 1126 1056 1167 quum
1087 1113 1269 1156 nescivit
1298 1113 1418 1168 loqui
1449 1127 1641 1168 congrue
1673 1114 1911 1164 Latinum3
1943 1120 1988 1155 et

194 1193 282 1235 cito
312 1199 548 1247 postquam
578 1178 659 1235 suit
688 1193 858 1248 positus
888 1193 932 1234 in
960 1194 1247 1243 cardinalatu,
1267 1207 1384 1248 papa
1405 1194 1624 1236 Martinus
1653 1194 1735 1236 fuit
1758 1208 1989 1248 percussus

194 1272 239 1313 in
273 1272 433 1327 lingua,
463 1287 564 1327 quae
597 1274 642 1314 in
678 1287 839 1327 magna
873 1274 1123 1328 quantitate
1163 1274 1372 1316 intumuit
1406 1275 1606 1329 pendens
1638 1281 1765 1316 extra
1799 1288 1849 1315 os
1880 1274 1988 1328 ejus,

195 1358 240 1394 et
266 1352 379 1395 infra
405 1353 596 1407 quinque
623 1354 718 1395 dies
745 1354 863 1395 idem
891 1368 1008 1408 papa
1036 1354 1254 1395 Martinus
1281 1361 1480 1396 mortuus
1508 1361 1601 1406 est;
1637 1361 1682 1396 et
1709 1355 1888 1408 quando
1907 1354 1990 1396 fuit

195 1432 360 1475 electus
394 1434 439 1475 in
469 1447 631 1488 papam
666 1434 777 1476 alius
808 1434 951 1476 bonus
990 1435 1146 1476 doctor
1185 1435 1241 1476 de
1276 1435 1462 1476 Francia
1504 1435 1668 1477 electus
1708 1435 1871 1486 suisset,
1907 1435 1989 1476 nisi

169 1513 311 1555 -fraus
355 1520 402 1556 et
443 1514 568 1557 labor
606 1515 798 1570 episcopi
838 1521 944 1558 tunc
979 1514 1307 1567 wintoniensis,
1342 1515 1519 1558 Henrici
1562 1515 1766 1564 Beuford,
1803 1516 1990 1570 impedi-

194 1595 341 1636 visset.

310 1680 362 1725 [p.
386 1681 475 1726 ¹69·]
534 1676 587 1717 In
617 1682 818 1732 tempore
846 1690 975 1731 papae
1008 1675 1178 1718 Urbani
1212 1676 1340 1727 sexti,
1370 1676 1631 1718 successoris
1662 1675 1860 1731 Gregorii
1886 1674 1989 1730 xjffi,

196 1754 358 1809 incepit
382 1755 542 1798 scisma
568 1757 613 1798 in
641 1757 826 1799 ecclesia
848 1757 1064 1798 Romana.
1115 1756 1167 1797 In
1196 1762 1395 1810 tempore
1422 1757 1539 1798 enim
1566 1769 1695 1811 papae
1717 1756 1887 1798 Urbani
1907 1754 1989 1810 vjfi,

197 1835 439 1878 cardinales
471 1836 676 1887 Romani,
707 1851 795 1879 non
826 1837 1026 1880 volentes
1061 1836 1285 1878 reformari
1315 1850 1395 1891 per
1420 1851 1583 1892 papam
1620 1837 1874 1879 Romanum
1902 1837 1991 1879 Ur-

195 1915 362 1956 banum
399 1916 521 1971 vim,
567 1925 838 1960 recesserunt
886 1933 913 1959 a
955 1931 1072 1972 papa
1113 1917 1297 1959 Urbano
1325 1918 1403 1972 vj0.
1473 1918 1610 1960 Anno
1650 1919 1767 1960 enim
1809 1917 1991 1959 Domini

198 1995 334 2037 nostri
362 1995 468 2049 Jesu
497 1997 578 2039 Xti
603 1997 724 2053 1378,
746 1999 928 2040 domino
954 2012 1071 2053 papa
1102 1997 1314 2051 Gregorio
1341 1998 1387 2052 xj
1422 2004 1595 2040 mortuo
1625 1998 1670 2039 in
1700 1999 1808 2040 urbe
1834 1998 1990 2049 Roma,

198 2074 312 2117 circa
336 2076 530 2118 medium
552 2077 926 2134 Quadragesimae,
948 2077 1252 2131 Romanisque
1272 2079 1523 2131 petentibus
1549 2085 1599 2120 ut
1620 2078 1862 2120 cardinales
1889 2091 1991 2119 con-

198 2155 369 2209 gregati
402 2169 483 2210 pro
518 2157 735 2200 eleccione
771 2160 873 2200 novi
905 2158 1097 2200 Romani
1130 2158 1348 2212 pontificis
1384 2158 1638 2201 Romanum
1675 2159 1886 2213 eligerent
1920 2157 1989 2199 vel

200 2234 418 2286 Italicum,
452 2237 692 2280 cardinaloe
722 2239 938 2294 eligerunt
973 2238 1202 2280 dominum
1239 2238 1599 2282 Bartholomeum
1633 2246 1738 2281 tunc
1778 2238 1990 2291 archiepi-

199 2327 385 2369 scopum
424 2315 662 2360 Barensem
702 2319 746 2360 in
785 2319 1091 2374 apostolicum.
1166 2318 1408 2373 Eligerunt‚
1448 2327 1493 2362 et
1538 2320 1771 2362 Urbanum
1810 2325 1988 2360 sextum

201 2395 548 2445 nominaverunt,
580 2403 626 2439 et
654 2398 699 2439 in
731 2399 804 2441 die
838 2399 1019 2441 Paschae
1052 2405 1395 2451 coronaverunt3
1439 2401 1518 2442 sed
1551 2398 1791 2441 cardinales
1821 2411 1990 2439 succes-

201 2475 293 2516 sive
324 2474 382 2516 de
412 2474 558 2518 Roma
588 2484 815 2530 exeuntes,
849 2480 995 2534 ipsum
1026 2479 1259 2521 Urbanum
1290 2485 1468 2522 sextum
1498 2494 1594 2522 esse
1628 2492 1848 2520 summum
1879 2491 1991 2531 prae-

201 2554 343 2596 sulem
369 2563 648 2608 negaverunt,
673 2563 719 2599 et
738 2573 791 2600 eo
815 2560 963 2611 citato,
983 2566 1032 2600 ut
1057 2560 1127 2613 jus
1154 2573 1293 2610 suum,
1314 2560 1350 2600 si
1370 2561 1489 2614 quod
1509 2560 1702 2610 haberet,
1724 2557 1989 2606 defenderet,

200 2635 596 2689 pronunciaverunt
634 2636 778 2690 ipsum
811 2653 901 2681 non
936 2653 1033 2681 esse
1067 2639 1175 2692 Jesu
1209 2639 1290 2680 Xti
1322 2639 1367 2681 in
1400 2641 1530 2682 terris
1561 2639 1806 2687 vicarium3
1841 2642 1989 2678 ettum

203 2714 429 2769 elegerunt
464 2714 508 2755 in
547 2729 711 2769 papam
750 2717 996 2761 Robertnm
1038 2719 1354 2772 Gebenensem,
1388 2726 1494 2762 tunc
1535 2720 1673 2761 eciam
1712 2717 1991 2768 cardinalem,

203 2795 248 2836 in
287 2794 592 2848 apostolicum,
632 2809 764 2849 quem
806 2797 1082 2841 Clementem
1121 2799 1211 2853 vijm
1251 2799 1594 2854 appellaverunt,
1634 2804 1678 2839 et
1712 2810 1812 2839 cum
1852 2811 1905 2838 eo
1945 2798 1990 2839 in

204 2874 469 2916 Avinionem
506 2882 791 2918 secesserunt.
855 2878 990 2921 Bonae
1031 2880 1162 2933 igitur
1202 2881 1422 2922 memoriae
1465 2877 1666 2928 Karolus‚
1702 2877 1744 2917 in
1786 2877 1990 2919 Romano

1056 2957 1087 2987 x
1122 2959 1143 2988 2
