2456 3210
709 336 842 372 LOCI
875 337 915 371 E
952 337 1119 372 LIBRO
1165 336 1510 373 VERJTATUM.
1934 331 2010 371 161

214 479 405 523 Romani
435 488 595 525 vocant
627 482 857 532 Calistum,
879 482 1060 537 Anglici
1090 488 1243 525 autem
1272 482 1421 537 piures
1449 488 1608 524 vocant
1639 496 1738 523 eum
1770 481 2014 524 Calixtum.

212 560 453 604 Praedictus
493 577 611 618 papa
645 563 910 605 Alexander
948 563 1129 617 quintus
1169 563 1253 604 fuit
1290 562 1552 605 bacallarius
1592 576 1727 605 sacrae
1757 562 2015 618 Theologiae

212 639 405 685 Oxoniae
435 650 482 685 et
512 644 668 686 doctor
691 644 950 698 Theologiae
980 643 1167 694 Parisiis,
1194 650 1243 686 ut
1273 643 1368 698 ipse
1399 657 1527 698 papa,
1559 644 1603 684 in
1635 642 1819 685 concilio
1843 643 2015 693 Pisano,

209 721 327 765 dixit
354 724 534 766 domino
555 724 743 766 Thomae
766 724 1004 779 Spofforth,
1025 725 1178 766 abbati
1205 725 1400 766 ecclesiae
1426 725 1695 766 beatissimae
1715 724 1870 766 Mariae
1894 725 2014 766 Ebo-

186 793 312 852 —raci,
344 805 420 858 qui
450 805 655 847 dominus
674 805 873 847 Thomas
902 805 983 846 fuit
1015 805 1155 846 eciam
1186 806 1231 847 in
1260 805 1444 847 concilio
1471 805 1819 847 Constanciensi.
1877 805 2016 847 Anno

211 882 329 924 enim
362 883 484 939 1378,
519 900 638 940 papa
674 885 889 941 Gregorio
919 883 988 939 xj⁰
1020 892 1194 927 mortuo
1226 885 1398 936 Romae,
1432 887 1546 927 circa
1582 885 1779 927 medium
1813 885 2017 940 Quadra-

209 962 401 1016 gaeimae‚
440 966 684 1009 cardinales
715 967 909 1008 Romani
945 966 1161 1020 eligerunt
1200 966 1245 1007 in
1280 980 1443 1020 papam
1479 966 1714 1008 Urbanum
1747 974 1940 1018 sextum,
1970 967 2014 1008 in

210 1045 412 1095 tempore
451 1043 575 1098 cujus
613 1044 782 1086 Urbani
824 1044 989 1098 incepit
1030 1045 1177 1094 cisma,
1218 1043 1392 1085 finitum
1432 1044 1508 1085 diu
1548 1050 1705 1098 postea
1746 1045 1790 1084 in
1829 1045 2016 1086 concilio

209 1121 405 1175 generali
428 1121 705 1167 Constanciae
734 1125 968 1175 celebrato,
990 1125 1171 1178 quando
1200 1138 1317 1179 papa
1338 1124 1558 1166 Martinus
1585 1124 1764 1178 quintus
1788 1123 1872 1166 fuit
1902 1124 2016 1167 elec-

212 1207 286 1242 tus
319 1202 363 1243 in
393 1216 571 1258 papam,
601 1219 720 1248 anno
749 1206 855 1259 Jesu
886 1205 968 1246 Xti
1003 1214 1126 1257 1417,
1155 1211 1202 1246 et
1231 1204 1368 1246 cisma
1402 1205 1567 1259 incepit
1599 1218 1678 1258 per
1707 1204 1953 1246 cardinales
1988 1219 2016 1246 a

209 1294 326 1335 papa
347 1282 534 1326 Urbano
561 1291 693 1328 sexto
723 1286 988 1336 recedentes,
1008 1292 1054 1327 et
1085 1284 1363 1327 Clementem
1384 1285 1622 1339 septimum
1647 1284 1873 1338 eligentes,
1895 1299 2014 1326 anno

210 1360 293 1403 Xti
315 1362 424 1415 jesu
450 1364 571 1420 1378,
600 1372 645 1409 et
671 1367 732 1409 sic
760 1366 869 1408 illud
901 1367 1038 1408 cisma
1065 1366 1240 1407 duravit
1260 1365 1374 1407 ultra
1396 1377 1450 1419 39
1471 1379 1626 1406 annos.
1678 1364 1885 1407 Clemens
1912 1380 2013 1420 sep-

211 1441 345 1484 timus
373 1443 458 1486 suit
486 1446 697 1501 antipapa
727 1447 771 1487 in
802 1455 1002 1501 tempore
1027 1446 1197 1488 Urbani
1225 1446 1354 1497 sexti,
1376 1452 1421 1487 et
1451 1451 1626 1486 mortuo
1650 1445 1836 1487 Urbano
1866 1453 2013 1495 sexto,

210 1521 376 1565 electus
408 1531 477 1566 est
510 1526 555 1567 in
590 1541 754 1581 papam
790 1527 1044 1569 Romanum
1077 1526 1329 1568 Bonifacius
1361 1539 1514 1577 nonus,
1548 1539 1666 1567 anno
1697 1526 1778 1567 Xti
1812 1524 1935 1580 1389,
1967 1534 2015 1568 et

209 1616 326 1644 anno
351 1616 474 1659 1391,
494 1607 768 1649 canonizavit
791 1608 968 1649 beatam
998 1607 1233 1660 Birgittam
1263 1607 1441 1648 viduam
1473 1613 1518 1648 et
1548 1606 1852 1660 principissam
1884 1607 2013 1648 Neri-

208 1682 299 1732 ciae‚
333 1684 377 1724 in
413 1698 548 1740 regno
582 1686 765 1738 Sueciae,
800 1695 845 1729 et
881 1701 996 1728 anno
1042 1687 1222 1727 Domini
1257 1698 1366 1737 1404
1401 1687 1510 1727 obiit
1543 1686 1792 1728 Bonifacius
1823 1687 1897 1737 ixi
1934 1701 2013 1741 per

207 1768 385 1817 tempus
415 1765 594 1820 aliquod
626 1774 731 1809 ante
757 1767 918 1809 festum
955 1767 1194 1807 nativitatis
1223 1767 1314 1817 Xti,
1337 1773 1381 1807 et
1412 1768 1451 1807 ei
1482 1768 1690 1808 successit
1721 1767 1764 1807 in
1796 1774 2010 1820 papatum

210 1842 368 1885 Romae
400 1845 682 1889 Innocentius
724 1848 950 1902 septimus,
982 1847 1056 1900 qui
1095 1847 1209 1887 vixit
1251 1847 1429 1888 biennio
1467 1847 1539 1888 vel
1578 1847 1757 1896 circiter,
1792 1847 1867 1901 qui
1908 1847 2011 1889 fecit

209 1922 373 1964 multos
401 1927 654 1980 cardinales,
675 1934 721 1970 et
743 1929 841 1983 ipso
873 1927 1132 1969 Innocentio
1152 1928 1231 1980 vij⁰
1254 1934 1442 1978 mortuo,
1463 1914 1628 1970 electus
1658 1927 1741 1969 fuit
1771 1927 1816 1968 in
1846 1942 2009 1982 papam

212 2001 372 2044 Romae
417 2004 653 2061 Gregorius
696 2009 788 2063 xijs,
832 2022 935 2063 rege
975 2007 1237 2061 Aragonum
1279 2008 1550 2050 Fertinando
1600 2022 1701 2050 cum
1746 2023 1825 2049 suo
1874 2022 2009 2062 regno

209 2082 444 2127 obediente
481 2088 703 2143 antipapae
743 2089 875 2131 Petro
921 2088 978 2129 de
1018 2088 1158 2137 Luna,
1199 2087 1426 2143 Amgono,
1469 2089 1547 2143 qui
1584 2089 1775 2130 vocabat
1813 2088 2007 2142 seipsum

209 2162 499 2207 Benedictum
534 2179 615 2223 13;
655 2175 702 2211 et
739 2175 846 2211 tunc
881 2168 1122 2211 cardinales
1163 2169 1389 2223 utriusque
1432 2170 1580 2224 partis,
1616 2183 1674 2210 sc.
1709 2168 1906 2222 Gregorii
1941 2168 2004 2221 xij

210 2256 326 2298 papa
362 2245 578 2290 Romanae
607 2256 654 2292 et
683 2251 910 2293 Benedicti
942 2249 1018 2303 xiij
1056 2249 1290 2303 antipapae,
1322 2251 1491 2304 seipsos
1529 2254 1808 2292 retraxerunt
1835 2248 1892 2289 ab
1928 2250 2006 2290 ad-

209 2322 406 2368 haesione
425 2333 471 2369 et
494 2329 750 2373 obediencia
775 2332 1002 2385 utriusque
1022 2344 1162 2384 papae,
1183 2330 1492 2372 convenientes
1516 2330 1561 2371 in
1582 2329 1812 2372 castellum
1835 2329 2006 2369 Pisanae

209 2405 406 2459 diocesis,
436 2409 668 2452 concilium
706 2411 910 2466 generale
946 2418 991 2453 et
1035 2410 1278 2451 universale
1319 2411 1458 2453 tocius
1503 2411 1698 2453 ecclesiae
1739 2422 1818 2462 per
1857 2408 2005 2450 literas

209 2492 256 2528 et
284 2487 467 2529 nuncios
495 2498 854 2543 convocaverunt,
878 2499 927 2534 ut
956 2492 1014 2533 ad
1045 2491 1206 2532 festum
1236 2490 1381 2532 beatae
1412 2491 1579 2543 Mariae,
1610 2504 1784 2544 semper
1813 2489 2002 2542 virginis,

209 2565 593 2620 Annunciacionis,
612 2571 881 2624 patriarchae,
906 2572 1110 2626 episcopi,
1133 2578 1177 2612 et
1207 2570 1360 2621 clerici,
1383 2573 1440 2614 ad
1468 2572 1779 2614 celebrandum
1798 2570 2003 2623 generale

208 2647 440 2689 concilium
474 2649 519 2690 in
554 2649 730 2693 civitate
750 2651 919 2702 Pisana,
951 2665 1068 2693 anno
1099 2651 1281 2692 Domini
1312 2664 1421 2707 1409
1452 2652 1745 2695 convenirent.
1803 2650 2004 2692 Vocave-

210 2733 313 2770 runt
345 2727 484 2770 eciam
519 2728 577 2770 ad
612 2729 734 2771 illum
768 2731 1000 2774 concilium
1036 2745 1171 2785 reges,
1202 2732 1431 2786 principes,
1461 2739 1506 2774 et
1538 2731 1740 2773 dominos
1772 2729 1999 2778 seculares,

208 2806 314 2860 quia
342 2807 402 2849 de
429 2807 529 2859 fide,
554 2822 655 2862 quae
684 2823 837 2852 omnae
866 2812 1020 2866 tangit,
1043 2812 1266 2865 agendum
1296 2811 1388 2864 fuit,
1420 2819 1466 2854 et
1495 2812 1655 2853 citatus
1685 2809 1766 2851 fuit
1799 2810 1857 2850 ad
1892 2809 2000 2851 illud

209 2886 440 2929 concilium
478 2887 683 2930 Pisanum
724 2896 907 2944 uterque
947 2893 1005 2934 de
1043 2898 1208 2946 papatu
1249 2891 1626 2939 contendendum,
1669 2903 1726 2932 sc.
1763 2888 1999 2943 Gregorius

1091 2970 1121 3000 Y
