2456 3210
445 244 527 287 228
897 255 1195 291 EXCERPTA
1233 255 1272 290 E
1300 256 1426 292 MSS.
1461 255 1799 292 GASCOIGNII.

443 392 645 436 selliones
679 396 906 438 seminatae
939 410 1039 439 cum
1076 398 1223 449 ordeo,
1259 404 1304 440 et
1339 397 1382 438 in
1422 404 1539 439 terra
1578 398 1652 439 ubi
1687 396 1967 452 archipraesul
2003 395 2245 439 decollatus

445 480 540 515 erat
575 475 656 517 fuit
691 477 862 518 ordium
898 473 1174 530 seminatum,
1206 479 1325 532 quod
1362 478 1503 532 pridie
1538 479 1583 520 in
1622 452 1803 520 calamis
1841 478 1899 520 ad
1939 477 2122 520 modum
2160 477 2243 519 fusi

442 556 646 608 apparuit
672 562 717 598 et
748 558 933 611 pedibus
961 559 1316 601 conculcancium
1341 560 1386 600 in
1415 559 1488 601 die
1515 559 1589 600 illa
1613 558 1919 601 decollacionis
1949 558 2043 613 ejus
2070 557 2245 612 penitus

442 635 715 678 destructum
751 644 855 690 erat,
887 645 933 681 et
974 653 1026 682 eo
1068 654 1156 682 non
1197 640 1415 692 obstante,
1442 640 1487 681 in
1528 640 1684 682 eadem
1725 645 1892 691 aestate,
1923 639 2091 693 absque
2129 652 2243 680 novo

442 716 610 758 semine
640 724 684 759 et
714 719 883 777 absque
918 734 1052 775 opere
1086 719 1293 772 humano,
1325 721 1449 762 Deus
1477 721 1567 763 tale
1601 720 1920 762 incrementum
1955 719 2081 761 dedit
2114 733 2245 774 super

436 809 721 840 communem
762 813 890 840 usum
930 807 1099 842 naturae
1138 801 1257 855 quod
1299 801 1456 856 aliquis
1496 801 1691 843 calamus
1730 801 1937 855 quinque,
1978 799 2137 854 aliquis
2175 810 2243 842 ca·

434 875 582 919 *lamus
626 878 723 932 iiij⁰r
769 880 912 934 spicas
960 881 1080 923 ordei
1132 882 1356 935 produxit,
1405 888 1449 923 et
1499 881 1574 935 qui
1621 881 1849 935 pauciores
1895 880 2109 935 produxit
2153 893 2243 922 non

439 958 584 999 minus
628 973 762 1012 quam
803 962 915 1003 duos
955 962 1150 1004 calamos
1189 962 1386 1016 protulit.
1449 962 1509 1003 Et
1543 962 1700 1003 eodem
1736 968 1936 1016 tempore
1975 974 2065 1014 quo
2104 959 2244 1002 archi-

439 1038 670 1094 episcopus
709 1040 790 1082 fuit
831 1042 1083 1095 decollatus,
1127 1043 1347 1091 Henricus
1389 1042 1584 1097 Quartus
1623 1057 1705 1084 rex
1744 1042 1936 1096 Angliae,
1977 1041 2052 1096 qui
2096 1041 2242 1095 ipsum

436 1119 578 1161 occidi
627 1122 850 1176 praecepit,
895 1122 978 1165 fuit
1027 1137 1257 1177 percussus
1302 1123 1497 1165 horribili
1549 1129 1594 1165 et
1644 1123 1836 1177 pessimo
1885 1135 2047 1176 genere
2095 1120 2274 1175 lepraer

437 1200 675 1253 equitando
710 1202 768 1243 ad
804 1202 954 1245 villam
988 1204 1045 1245 de
1081 1204 1230 1259 Ripun
1266 1202 1313 1245 in
1347 1204 1451 1258 ripis
1487 1203 1785 1254 constitutam,
1822 1209 1867 1244 et
1898 1202 1980 1243 fuit
2011 1215 2243 1256 percussus

438 1280 677 1334 equitando
707 1296 839 1337 super
868 1283 1118 1326 Exsamure
1149 1285 1262 1326 inter
1292 1284 1499 1339 Popiltun
1531 1283 1711 1334 Lid3ate
1744 1288 1789 1324 et
1821 1289 2005 1337 pontem
2034 1287 2242 1323 vocatum

435 1359 601 1403 Sekeet
633 1361 782 1417 bryge,
820 1370 865 1406 et
894 1365 1126 1407 videbatur
1157 1365 1241 1406 sibi
1282 1365 1402 1419 quod
1434 1378 1547 1406 unus
1587 1362 1848 1405 sensibiliter
1879 1376 1980 1404 eum
2013 1361 2241 1416 percussit,

436 1447 482 1482 et
516 1441 599 1483 hac
632 1443 688 1483 de
721 1457 863 1494 causa,
897 1451 941 1486 et
975 1459 1135 1500 magna
1167 1445 1315 1499 pluvia
1348 1451 1546 1499 urgente,
1577 1443 1847 1498 pernoctavit
1878 1443 1922 1484 in
1952 1442 2056 1484 villa
2084 1447 2243 1484 vocata

438 1520 581 1562 Green
617 1522 855 1565 Hamirton
894 1539 971 1579 per
1011 1531 1183 1580 septem
1222 1522 1434 1567 millearia
1474 1526 1531 1567 ab
1565 1525 1794 1574 Eborac03
1840 1529 1885 1564 et
1921 1523 1965 1563 in
2002 1528 2132 1564 nocte
2167 1522 2242 1564 illa

436 1601 630 1643 horribili
669 1603 827 1645 timore
867 1612 1055 1647 vexatus
1097 1612 1164 1648 est
1205 1607 1249 1647 in
1284 1612 1459 1648 tantum
1502 1606 1622 1660 quod
1663 1605 1853 1646 clamore
1894 1616 2055 1657 magno
2096 1616 2242 1644 came-

437 1683 572 1723 rarios
613 1697 715 1724 suos
756 1685 966 1727 excitavit
1008 1687 1214 1738 clamans,
1255 1685 1557 1728 ‘Proditores!
1607 1684 1875 1740 proditores!
1923 1684 2069 1737 ignem
2110 1697 2242 1737 super

436 1777 508 1803 me
538 1762 780 1816 projecistis
800 1762 829 1804 !’
891 1766 999 1819 Igne
1031 1767 1211 1808 Domini
1244 1768 1404 1809 divinae
1435 1767 1617 1809 ulcionis
1647 1773 1691 1808 et
1723 1767 1844 1820 lepra
1881 1764 2113 1805 manifesta
2142 1777 2240 1818 per-

435 1859 586 1887 cussus
619 1853 736 1897 erat;
769 1852 813 1887 et
849 1849 1071 1889 camerarii
1102 1849 1179 1899 sui,
1201 1863 1281 1902 pro
1311 1849 1501 1890 clamore
1531 1848 1645 1902 regis
1675 1852 1912 1901 surgentes,
1933 1845 2081 1887 omnia
2111 1844 2240 1886 lumi-

437 1930 558 1971 naria
590 1930 634 1971 in
670 1944 842 1972 camera
879 1937 923 1972 et
956 1930 1000 1970 in
1034 1930 1168 1971 domo
1209 1929 1303 1970 sine
1340 1929 1504 1970 lumine
1539 1934 1584 1970 et
1618 1928 1713 1969 sine
1747 1927 1849 1980 igne
1885 1926 2154 1977 invenerunt,
2194 1932 2240 1968 et

436 2010 519 2051 sibi
551 2010 735 2052 triacum
763 2010 806 2051 in
837 2010 941 2051 vino
970 2015 1128 2051 vocato
1156 2023 1315 2064 vernys
1346 2010 1585 2060 dederunt3
1627 2013 1672 2049 et
1702 2008 1746 2048 in
1777 2007 1967 2049 crastino
1998 2007 2055 2048 ad
2088 2005 2238 2060 Ripun

420 2090 660 2144 equitavit,
688 2090 762 2131 ubi
801 2091 962 2131 mansit
990 2089 1186 2131 infirmus
1218 2103 1297 2143 per
1326 2095 1498 2143 septem
1530 2089 1635 2130 dies.
1697 2087 1758 2128 Et
1786 2086 1995 2141 magister
2023 2085 2239 2140 Georgius

409 2158 678 2228 —Plumtuns
703 2171 778 2224 qui
822 2170 968 2224 ipsum
1009 2169 1080 2210 die
1119 2176 1276 2212 octava
1323 2170 1546 2224 praedictae
1590 2166 1897 2209 decollacionis
1940 2166 2063 2216 vidit,
2106 2165 2237 2208 michi

436 2251 552 2293 dixit
585 2256 630 2292 et
656 2250 832 2304 juravit,
863 2250 981 2303 quod
1014 2250 1057 2290 in
1087 2250 1198 2291 facie
1229 2264 1308 2291 sua
1339 2256 1384 2292 et
1414 2250 1458 2290 in
1489 2248 1691 2290 manibus
1725 2247 1896 2302 pra-:sati
1927 2247 2053 2301 regis,
2088 2246 2133 2287 in
2165 2246 2238 2288 die

435 2331 511 2372 illa
551 2337 719 2380 octava,
753 2343 936 2384 magnas
972 2330 1173 2383 pustulas
1212 2330 1410 2385 leprosas
1448 2328 1569 2380 vidit,
1611 2341 1710 2381 quae
1749 2327 2005 2381 pendebant
2044 2326 2089 2367 in
2127 2325 2238 2368 facie

435 2411 550 2465 regis
581 2418 626 2453 et
654 2412 697 2452 in
724 2410 938 2461 manibus,
960 2417 1004 2451 et
1035 2410 1343 2463 prominebant
1373 2409 1499 2464 quasi
1530 2408 1675 2463 capita
1702 2407 2010 2449 mamillarum.
2070 2405 2132 2448 Et
2161 2406 2237 2460 qui

436 2492 520 2533 ista
554 2491 665 2533 vidit
703 2490 836 2532 michi
871 2490 1173 2532 testimonium
1207 2489 1440 2545 perhibuit,
1473 2502 1531 2530 sc.
1564 2487 1816 2542 Stephanus
1851 2485 2130 2540 Cotingham,
2161 2485 2236 2539 qui

436 2572 665 2613 dicebatur
705 2572 843 2614 eciam
886 2570 1138 2625 Stephanus
1180 2570 1364 2621 Palmer,
1405 2568 1479 2623 qui
1521 2568 1617 2609 haec
1659 2568 1790 2609 michi
1835 2566 1983 2609 retulit
2024 2549 2271 2619 magistro*

434 2651 620 2695 Thomae
672 2652 931 2707 Gascoigne,
971 2664 1106 2692 sacrae
1141 2650 1399 2704 Theologiae
1438 2649 1606 2690 doctori
1648 2630 1852 2690 Oxoniaess
1925 2647 1986 2688 Et
2025 2646 2070 2686 in
2107 2650 2236 2686 nocte

435 2735 570 2776 tercia
610 2742 711 2789 post
750 2733 1008 2789 praedictam
1050 2731 1393 2773 decollacionem
1433 2728 1636 2783 apparuit
1676 2728 1912 2782 praedictus
1954 2723 2236 2780 archipraesul

434 2813 623 2866 Johanni
663 2815 841 2869 Sybsun
877 2813 921 2854 in
953 2813 1087 2854 domo
1119 2826 1197 2852 sua
1232 2810 1349 2865 apud
1382 2808 1555 2859 Rocliff,
1587 2808 1845 2864 praecipiens
1876 2806 2019 2848 eidem
2054 2811 2105 2847 ut
2134 2817 2236 2858 pec-
