2456 3210
370 769 596 833 LOCI
660 771 718 832 E
781 772 1070 836 LIBRO
1129 772 1725 836 VERITATUM.

260 1013 312 1058 [p.
337 1014 407 1056 ιο.]
446 1014 705 1052 Absolueio.
766 1010 842 1053 Sic
880 1017 929 1053 tu
970 1010 1175 1066 episcope
1212 1026 1291 1054 seu
1331 1017 1485 1062 rector,
1519 1010 1596 1065 qui
1636 1023 1684 1051 es
1718 1008 1879 1049 absens
1918 1020 1946 1046 a

145 1100 248 1129 cura
278 1095 367 1140 tua,
395 1097 635 1145 occupatus
670 1092 716 1133 in
748 1092 880 1134 rebus
919 1106 1020 1146 quae
1053 1092 1135 1134 tibi
1170 1098 1215 1134 et
1249 1106 1365 1134 curae
1398 1099 1488 1134 tuae
1522 1097 1626 1132 sunt
1660 1087 1948 1142 incompossi-

144 1167 267 1220 biles,
297 1170 411 1212 vade
448 1171 568 1225 prius
608 1178 654 1213 et
693 1173 924 1214 reconcilia
964 1180 1010 1215 et
1049 1173 1238 1215 reforma
1277 1187 1427 1216 curam
1466 1179 1589 1214 tuam
1630 1177 1680 1212 ut
1719 1169 1867 1221 debes,
1900 1173 1947 1209 et

143 1254 251 1291 tunc
299 1250 455 1293 offeras
501 1252 719 1294 sacerdoti
762 1253 809 1293 in
858 1253 1036 1294 nomine
1079 1253 1262 1295 Domini
1307 1267 1467 1294 munus
1510 1249 1794 1294 confessionis
1842 1254 1946 1290 tuae.

147 1328 239 1372 Sed
272 1330 385 1373 forte
415 1331 535 1383 dicis,
569 1333 838 1375 necessarius
871 1347 971 1374 sum
1005 1333 1191 1375 concilio
1226 1333 1340 1387 regis
1376 1339 1421 1375 et
1456 1333 1590 1387 regni,
1620 1338 1671 1373 ut
1705 1342 1849 1372 causae
1885 1327 1946 1368 ibi

144 1411 434 1455 terminentur
459 1419 506 1455 et
531 1413 643 1465 lites,
664 1421 709 1456 et
733 1414 835 1455 ideo
860 1428 948 1455 non
973 1427 1152 1468 possum
1177 1414 1341 1456 venire.
1397 1413 1671 1455 Ostendetur
1694 1409 1814 1464 quod
1839 1408 1947 1449 dato

144 1506 235 1534 uno
272 1501 514 1548 sequuntur
550 1493 702 1549 plura3
752 1495 879 1549 plura
918 1494 1036 1536 enim
1076 1494 1194 1535 mala
1231 1494 1343 1536 fiunt
1377 1494 1423 1534 in
1462 1492 1659 1548 pluribus
1697 1490 1806 1532 locis
1845 1501 1947 1543 quae

146 1585 235 1614 non
266 1573 422 1617 fierent
451 1575 488 1616 si
521 1575 727 1630 episcopi,
753 1583 958 1625 rectores,
990 1581 1036 1617 et
1066 1575 1234 1617 domini
1264 1573 1531 1628 temporales
1563 1586 1643 1614 sua
1668 1571 1767 1613 loca
1797 1569 1949 1611 debite

146 1660 347 1707 regerent
385 1661 431 1697 et
469 1655 515 1696 in
554 1656 723 1697 eisdem
758 1662 1076 1710 expectarent3
1117 1662 1162 1698 et
1202 1656 1306 1710 quia
1341 1661 1443 1697 sunt
1476 1654 1683 1696 absentes
1718 1658 1764 1694 et
1797 1663 1946 1692 curam

145 1745 274 1774 suam
303 1734 590 1790 negligenteS,
621 1736 723 1777 ideo
751 1736 878 1791 plura
909 1736 1026 1778 mala
1060 1736 1172 1778 fiunt
1206 1743 1252 1779 et
1286 1735 1600 1778 reformacione
1632 1733 1834 1788 indigent
1869 1744 1949 1786 per

146 1814 331 1857 concilia
369 1829 530 1870 magna
568 1817 613 1857 in
652 1817 810 1872 regnis,
844 1818 948 1872 quia
988 1817 1071 1871 ipsi
1115 1831 1204 1858 non
1243 1824 1348 1859 sunt
1391 1830 1494 1858 cum
1536 1815 1626 1857 suis
1665 1813 1865 1862 subditis,
1901 1816 1947 1852 et

146 1895 250 1948 quia
282 1895 493 1939 deficiunt
522 1898 568 1938 in
602 1912 681 1939 sua
714 1911 818 1940 cura
849 1899 911 1940 eis
941 1898 1104 1947 debita,
1136 1898 1249 1940 sicut
1283 1897 1402 1939 mala
1437 1910 1599 1951 magna
1632 1895 1800 1936 fiebant
1835 1893 1948 1933 inter

148 1973 376 2021 GalathaS.

262 2061 318 2106 [p.
342 2062 412 2106 15-]
463 2057 583 2099 Novi
622 2058 741 2099 enim
780 2058 900 2112 quod
935 2059 1063 2100 unius
1098 2057 1296 2101 ecclesiae
1331 2055 1617 2100 oethedralis¹
1652 2053 1845 2098 officiarii
1882 2052 1946 2092 in-

143 2133 336 2191 jungunt
373 2144 420 2180 et
457 2138 717 2193 praecipiunt
755 2139 960 2180 omnibus
992 2139 1153 2181 curatis
1184 2152 1277 2180 suae
1311 2138 1559 2194 provinciae,
1594 2143 1643 2178 ut
1678 2136 1722 2176 in
1757 2132 1945 2187 quadra-

149 2215 319 2271 gesima
344 2217 574 2273 injungant
601 2219 920 2271 confitentibus,
942 2226 991 2262 ut
1010 2219 1183 2261 solvant
1207 2219 1404 2274 quolibet
1424 2233 1541 2261 anno
1561 2216 1730 2259 matrici
1752 2212 1947 2256 ecclesiae

149 2295 316 2350 aliquid
346 2297 403 2338 de
424 2298 551 2340 bonis
581 2299 681 2351 suis,
705 2306 751 2342 et
779 2301 961 2354 pauperi
991 2301 1067 2354 qui
1098 2314 1187 2341 non
1214 2300 1351 2342 habet
1374 2298 1440 2354 iijd
1464 2298 1652 2354 injungit
1679 2304 1724 2338 et
1748 2292 1947 2349 praecipit

151 2389 256 2417 suus
289 2383 463 2419 curatus
490 2392 571 2432 pro
599 2380 846 2434 penitencia
881 2379 951 2422 xl‘¹
979 2381 1213 2422 solvendos
1250 2380 1444 2423 ecclesiae
1475 2377 1729 2427 cathedrali,
1761 2382 1806 2416 et
1835 2372 1946 2414 alius

150 2462 325 2498 curatus
355 2459 524 2512 accepit
557 2460 786 2502 ecclesiam
820 2468 866 2503 et
899 2461 1153 2516 parochiam
1189 2475 1316 2503 suam
1344 2461 1567 2516 propriam
1597 2459 1654 2500 ad
1685 2457 1857 2498 firmam
1889 2453 1945 2493 de

150 2536 367 2578 officiariis
397 2537 590 2580 ecclesiae
622 2541 896 2584 cathedralis,
955 2542 1074 2584 Novi
1105 2556 1241 2583 unum
1270 2543 1347 2596 qui
1381 2542 1512 2584 solvit
1539 2555 1580 2582 v,
1610 2537 1774 2580 solidos
1805 2546 1945 2575 annu·

151 2616 261 2658 atim
309 2630 390 2671 pro
434 2632 513 2660 sua
555 2620 762 2673 parochia
810 2622 1005 2664 ecclesiae
1048 2622 1301 2674 cathedrali,
1346 2629 1393 2665 et
1441 2622 1536 2675 ipse
1577 2619 1695 2660 idem
1741 2613 1945 2656 sacerdos

151 2696 412 2750 parochialis
460 2700 669 2754 praecepit
716 2707 763 2743 et
811 2702 1009 2745 oneravit
1058 2710 1104 2746 et
1158 2703 1352 2757 injunxit
1405 2702 1585 2744 cuilibet
1633 2698 1726 2739 viro
1772 2695 1816 2736 in
1866 2707 1945 2735 sua

715 2825 728 2844 ²
749 2825 823 2859 The
837 2827 1018 2860 Cathedxal
1032 2828 1166 2861 alluded
1182 2835 1218 2862 to
1232 2829 1259 2861 is
1275 2827 1376 2860 York.

1036 2893 1063 2924 B
