2456 3210
631 243 764 281 Loct
797 243 837 280 E
874 243 1042 280 LIBRO
1088 243 1290 280 VERJTA
1299 243 1433 280 TUM.
1882 244 1936 290 27

131 387 254 430 sonis
272 394 385 442 post
403 395 651 429 sermonem
676 389 784 429 istas
810 388 1125 438 conclusiones,
1144 387 1336 442 plurium
1365 386 1580 427 malorum
1608 384 1939 427 et'abusionum

132 469 390 519 causativas,
431 468 476 509 in
514 468 683 523 Anglia
722 475 768 510 et
807 468 926 509 alibi.
987 467 1150 509 Nullus
1188 467 1272 509 scit
1309 467 1497 522 probare
1544 467 1664 520 quod
1706 465 1939 519 episcopus

130 549 186 589 in-
211 548 297 590 hoc
331 549 452 602 quod
486 556 554 591 est
582 550 814 604 episcopus
843 548 1064 603 obligatur
1092 548 1330 603 praedicare
1361 547 1406 588 in
1437 561 1517 588 sua
1545 546 1720 601 propria
1751 559 1941 600 persona

130 628 268 683 vulgo
283 643 374 670 suae
394 629 606 678 diocesis;
635 630 891 683 accipiendo
907 629 1025 670 istud
1044 640 1292 683 sermonem
1313 627 1551 682 praedicare
1575 627 1620 668 in
1640 640 1721 668 sua
1741 626 1941 668 maxima

130 698 304 751 famosa
327 709 662 764 significacione.
1403 704 1411 712 ’
1775 706 1781 708 ,

256 787 372 831 Item
398 791 545 845 posuit
564 791 684 844 quod
705 790 900 845 episcopi
921 802 1010 831 non
1030 789 1196 831 debent
1215 796 1367 830 tenere
1386 802 1435 830 se
1458 789 1578 843 ipsos
1603 801 1700 829 esse
1720 786 1941 841 Obligatos

135 868 195 910 ad
233 870 562 923 praedicandum
601 871 647 912 in
685 871 871 925 propriis
915 870 1112 925 personis
1150 870 1240 911 suis
1274 869 1584 911 communitati
1622 868 1810 922 propriae
1849 881 1941 908 suae

138 949 335 999 diocesis,
371 951 416 991 in
451 965 505 992 eo
539 957 584 993 et
617 964 698 1006 pro
734 965 787 992 eo
822 952 942 1004 quod
978 957 1082 992 sunt
1120 950 1314 1004 episcopi
1354 939 1598 1003 superiores
1638 948 1735 990 aliis
1768 948 1942 999 curatis,

137 1031 216 1072 sed
243 1036 449 1072 tenentur
474 1036 624 1073 tenere
649 1045 699 1074 se
724 1032 844 1085 ipsos
870 1031 1032 1072 liberos
1058 1037 1104 1072 et
1130 1030 1300 1072 solutos
1319 1030 1377 1072 ab
1397 1031 1484 1072 isto
1504 1043 1637 1071 onere
1656 1029 1940 1084 praedicandi,

137 1110 280 1152 verbis
299 1111 454 1165 positis
473 1110 521 1151 in
538 1111 624 1152 ista
642 1111 922 1153 conclusione
942 1111 1133 1166 acceptis
1152 1110 1453 1152 famosissimis
1473 1109 1883 1164 signifioecionibus.

254 1189 370 1232 Item
399 1191 593 1246 episcopi
624 1192 669 1233 in
698 1191 784 1233 hoc
813 1193 934 1245 quod
962 1197 1064 1233 sunt
1093 1191 1286 1246 episcopi
1315 1191 1480 1233 debent
1509 1191 1672 1233 habere
1706 1191 1942 1233 scienciam

137 1271 183 1312 in
214 1269 298 1312 illis
328 1272 521 1313 materiis
550 1286 662 1326 quas
699 1273 838 1314 curati
868 1273 1094 1314 inferiores
1128 1273 1295 1315 debent
1325 1274 1564 1328 praedicare
1595 1273 1667 1314 vel
1696 1272 1867 1323 docere,
1897 1278 1944 1314 et

134 1351 304 1398 *debent
331 1351 495 1395 habere
524 1352 738 1406 majorem
774 1353 1009 1395 scienciam
1040 1353 1085 1394 in
1114 1353 1322 1395 tunsione
1351 1360 1397 1395 et
1426 1353 1651 1395 solucione
1680 1365 1942 1408 magnarum

136 1431 433 1485 quaestionum
461 1446 595 1486 quam
628 1433 794 1475 debent
824 1433 988 1475 habere
1017 1434 1155 1475 curati
1188 1433 1424 1483 inferiores,
1459 1434 1504 1475 in
1537 1433 1622 1476 hoc
1652 1440 1700 1476 et
1739 1446 1819 1488 per
1857 1433 1943 1474 hoc

137 1511 258 1565 quod
290 1518 394 1553 sunt
424 1513 563 1555 curati
594 1513 829 1555 inferiores.

254 1590 370 1633 Item
420 1592 615 1647 episcopi
665 1593 835 1636 habent
888 1594 1204 1648 proprietatem
1253 1595 1312 1636 ad
1361 1594 1675 1636 resumendum
1724 1602 1770 1636 et
1795 1601 1799 1603 ’
1821 1607 1943 1635 assu-

133 1673 350 1713 mendum
389 1673 473 1714 sibi
513 1679 559 1715 et
597 1674 657 1715 ad
700 1673 1016 1716 dimittendum
1060 1675 1242 1728 quando
1290 1674 1448 1716 volunt
1496 1674 1690 1716 officium
1738 1680 1784 1716 et
1830 1688 1944 1728 opus

138 1751 477 1805 praedicacionis,
511 1754 794 1796 consimiliter
827 1754 940 1796 sicut
978 1754 1145 1796 habent
1179 1755 1493 1808 proprietatem
1533 1755 1591 1796 ad
1632 1755 1943 1797 resumendum

133 1837 187 1879 ,et
238 1831 296 1872 ad
344 1833 648 1887 accipiendum
703 1834 935 1888 quodlibet
987 1835 1045 1875 ad
1094 1848 1206 1889 opus
1254 1848 1370 1876 curae
1418 1836 1642 1890 pertinens
1691 1835 1844 1876 infimo
1898 1840 1944 1876 et

136 1910 519 1955 immediatissirno
548 1921 701 1956 curato
736 1916 915 1969 quando
942 1913 1110 1963 volunt,
1141 1915 1204 1956 sic
1236 1915 1357 1969 quod
1392 1929 1472 1969 per
1503 1914 1590 1957 hoc
1625 1915 1818 1970 episcopi
1855 1927 1944 1956 non

142 1996 245 2032 sunt
273 1991 472 2046 impediti
502 2007 530 2034 a
559 1993 728 2036 meliori
762 2007 896 2048 opere
926 2008 1007 2035 suo
1036 1994 1269 2036 ordinariae
1304 2008 1432 2046 curae,
1467 1996 1587 2049 quod
1623 2009 1704 2049 per
1738 2008 1814 2036 eos
1851 1994 1942 2036 fieri

138 2068 288 2121 debet,
317 2077 364 2113 et
391 2073 512 2126 quod
542 2087 631 2116 non
660 2080 809 2128 potest
839 2074 1057 2116 ordinarie
1089 2073 1181 2115 fieri
1210 2088 1289 2129 per
1317 2075 1453 2116 alium
1484 2082 1698 2118 curatum.

261 2149 374 2192 Item
412 2153 606 2208 episcopi
645 2162 832 2208 possunt
870 2168 949 2209 per
991 2155 1188 2196 diversas
1225 2168 1381 2196 causas
1418 2168 1515 2196 esse
1554 2155 1762 2197 absentes
1796 2168 1823 2195 a
1854 2154 1943 2194 suis

144 2228 390 2271 diocesibus
418 2238 465 2274 et
494 2246 584 2274 non
610 2234 852 2276 residentes
877 2235 922 2275 in
953 2234 1043 2275 suis
1074 2233 1323 2276 diocesibus
1349 2236 1625 2277 excusatorie
1651 2241 1695 2276 et
1722 2234 1943 2275 meritorie

145 2315 190 2350 et
220 2320 320 2350 cum
348 2311 591 2364 graciarum
619 2315 798 2356 accione
826 2328 963 2369 penes
991 2314 1151 2364 Deum,
1174 2322 1219 2357 et
1248 2315 1376 2357 aliter
1403 2321 1638 2370 peccarent
1664 2327 1811 2356 coram
1844 2313 1943 2354 Deo

143 2388 332 2430 durante
360 2395 561 2444 tempore·
588 2393 761 2435 illarum
793 2408 1033 2436 causarum.

262 2467 378 2509 Item
412 2470 552 2524 magis
583 2472 691 2514 utile
729 2487 840 2528 opus
874 2481 1023 2529 potest
1054 2474 1145 2516 fieri
1179 2475 1410 2517 animabus
1443 2474 1673 2517 hominum
1705 2486 1838 2527 quam
1874 2477 1943 2514 est

144 2560 257 2601 opus
287 2548 632 2601 ‘praedicacionis
667 2553 752 2594 isto
787 2555 977 2596 termino
1011 2555 1327 2609 praedicacione
1361 2562 1544 2609 accepto
1579 2555 1623 2594 in
1660 2566 1739 2594 sua
1773 2551 1943 2594 famosa

147 2633 192 2668 et
224 2627 386 2667 usitata
416 2627 749 2682 significacione.

265 2706 380 2748 Item
421 2720 500 2750 nec
538 2722 655 2763 papa
693 2725 772 2754 nec
811 2714 1004 2768 episcopi
1043 2712 1222 2768 Angliae
1262 2722 1364 2757 sunt
1405 2713 1642 2757 simoniaci
1682 2713 1728 2752 in
1766 2711 1850 2753 hoc
1896 2719 1942 2754 et

147 2800 226 2840 per
256 2786 341 2828 hoc
378 2787 497 2840 quod
532 2789 743 2843 recipiunt
780 2805 808 2834 a
847 2806 964 2847 papa
1002 2807 1105 2835 suos
1139 2796 1415 2850 episcopatus
1454 2807 1532 2847 per
1564 2791 1854 2847 provisionem
1895 2799 1943 2834 et

1006 2871 1035 2903 E
1059 2875 1081 2902 2
