2456 3210
465 272 544 327 156
965 277 1097 314 LOCI
1130 278 1169 312 E
1208 277 1373 312 LIBRO
1421 276 1763 313 VERJTATUM.

466 418 649 473 imperio
685 425 876 473 quartus,
911 425 956 462 et
991 420 1036 460 in
1070 419 1368 461 Bohemorum
1402 433 1538 473 regno
1577 418 1708 473 hujus
1749 418 1938 460 nominis
1976 417 2153 472 primus,
2186 430 2267 458 rex

465 499 643 554 insuper
681 498 943 553 Anglorum,
985 500 1294 554 Ungariorum,
1337 506 1382 541 et
1423 499 1703 548 Polonorum‚
1745 513 1846 541 cum
1891 498 2040 541 multis
2082 497 2266 540 aliarum

467 586 679 622 terrarum
703 580 905 632 dominis,
929 581 1164 623 Urbanum
1189 587 1370 622 sextum
1396 580 1459 622 eis
1486 580 1530 622 in
1558 593 1718 635 papam
1747 584 2064 634 praesentatum
2091 591 2267 632 recepe-

469 667 571 702 runt
595 661 639 702 in
663 660 811 712 talem,
833 674 1112 715 nequaquam
1141 662 1342 703 recedere
1361 660 1560 703 volentes
1587 661 1643 702 ab
1671 675 1736 702 eo.
1797 660 1991 702 Karolus
2017 665 2166 701 autem
2186 671 2268 700 rex

472 741 753 790 Francorum,
788 754 869 782 rex
907 740 1126 793 Castellae,
1164 749 1210 784 et
1248 741 1521 796 Arragoniae,
1556 741 1614 782 ab
1656 734 1841 783 Urbano
1879 740 1958 794 vj²⁰
1993 739 2267 788 decedentes,

473 821 721 863 Robertum
772 822 842 863 vel
896 821 1174 864 Clementem
1217 822 1307 876 vij¹¹¹
1351 822 1396 863 in
1444 821 1735 876 apostolicum
1779 826 2074 875 susceperunt,
2121 819 2271 873 sicque

470 901 637 943 factum
673 908 741 944 est
771 902 917 951 cisma,
947 903 1067 956 quod
1101 903 1274 945 duravit
1306 902 1422 945 ultra
1457 902 1637 956 triginta
1667 915 1825 944 novem
1856 915 2007 952 annos,
2037 899 2212 950 scilicet,
2243 912 2272 941 a

472 982 621 1036 vigilia
649 981 769 1024 beati
801 982 1025 1025 Laurentii
1062 982 1182 1038 1378,
1212 984 1269 1025 ad
1300 983 1418 1025 diem
1451 982 1604 1025 Sancti
1633 982 1813 1024 Martini
1845 981 2050 1036 episcopi,
2080 980 2125 1022 in
2155 992 2272 1022 anno

474 1062 657 1103 Domini
702 1075 825 1116 1417,
867 1062 911 1103 in
953 1077 1041 1117 quo
1081 1064 1153 1105 die
1193 1064 1275 1106 fuit
1313 1063 1479 1105 electus
1525 1063 1570 1104 in
1616 1076 1779 1117 papam
1823 1062 2028 1104 dominus
2069 1060 2170 1104 Odo
2215 1060 2274 1102 de

476 1141 718 1192 Columnis,
751 1148 796 1184 et
827 1149 1008 1185 vocatus
1040 1150 1107 1185 est
1142 1158 1260 1198 papa
1290 1144 1509 1186 Martinus
1539 1143 1727 1198 quintus,
1762 1143 1806 1184 in
1842 1142 2028 1185 concilio
2057 1141 2273 1184 Constan-

475 1222 609 1264 ciensi
646 1223 812 1264 electus
849 1223 893 1264 in
927 1237 1103 1278 papam.
1177 1223 1268 1265 Sed
1305 1224 1400 1278 jam
1436 1224 1670 1266 redeamus
1713 1223 1770 1264 ad
1806 1224 2006 1265 ordinem
2046 1233 2274 1276 paparum,

476 1309 578 1356 post
601 1302 831 1345 Urbanum
857 1303 933 1357 vjm
954 1304 1113 1345 Romae
1143 1318 1367 1346 summum
1387 1304 1655 1359 pontificem.
1717 1303 1967 1345 Bonifacius
1987 1303 2035 1344 ix
2065 1300 2275 1344 successit

479 1383 661 1425 Urbano
696 1383 770 1437 vj⁰,
807 1384 881 1437 qui
917 1384 1167 1426 Bonifacius
1200 1385 1247 1426 ix
1294 1385 1458 1428 electus
1494 1391 1561 1427 est
1596 1385 1640 1426 in
1675 1397 1838 1439 papam
1878 1397 1996 1426 anno
2031 1383 2113 1425 Xti
2150 1379 2272 1437 1389,

477 1469 523 1504 et
566 1476 683 1505 anno
723 1463 804 1505 Xti
845 1475 951 1518 1391
997 1465 1272 1508 canonizavit
1314 1466 1472 1507 Romae
1511 1466 1689 1508 beatam
1729 1464 1976 1518 Birgittam,
2007 1463 2188 1505 viduam
2229 1467 2275 1502 et

479 1543 782 1597 principissam
815 1544 1037 1597 Nerisciae,
1070 1546 1128 1588 de
1168 1560 1303 1601 regno
1336 1545 1520 1588 Sueciae.
1596 1546 1688 1587 Iste
1728 1543 1978 1586 Bonifacius
2009 1555 2035 1596 9
2077 1548 2275 1584 mortuus

480 1629 549 1664 est
589 1637 705 1665 anno
746 1624 928 1666 Domini
967 1638 1088 1678 1404,
1129 1641 1208 1681 per
1246 1634 1423 1681 tempus
1467 1625 1648 1680 aliquod
1686 1631 1791 1667 ante
1830 1624 1992 1666 festum
2032 1621 2275 1665 nativitatis

482 1703 663 1744 Domini
697 1705 832 1746 nostri
863 1705 968 1758 Jesu
1005 1707 1098 1759 Xti,
1129 1707 1197 1748 cui
1230 1707 1436 1749 dominus
1467 1706 1753 1749 Innocencius
1781 1705 1857 1759 vij⁸
1888 1711 1956 1747 est
1987 1704 2033 1745 in
2063 1702 2276 1758 apostoli-

481 1797 583 1825 cum
613 1783 887 1838 subrogatus.
950 1786 1213 1829 Innocencio
1241 1788 1324 1842 vij⁰
1354 1787 1563 1830 successit
1597 1786 1832 1841 Gregorius
1856 1785 1937 1839 xij⁸
1969 1785 2013 1826 in
2048 1797 2138 1826 una
2171 1783 2278 1825 obe-

481 1863 664 1913 diencia,
705 1864 883 1916 scilicet,
917 1880 1067 1907 eorum
1106 1868 1181 1921 qui
1223 1868 1306 1909 sibi
1347 1868 1627 1910 obediebant.
1687 1867 1741 1908 In
1775 1866 1863 1908 alia
1897 1864 2154 1907 obediencia
2187 1876 2277 1905 non

484 1944 690 1986 Romana
722 1945 931 1987 successit
967 1946 1122 1988 Petrus
1155 1948 1212 1989 de
1243 1948 1383 2000 Luna,
1412 1948 1487 2002 qui
1517 1947 1758 1990 vocabatur
1791 1960 1818 1988 a
1852 1946 1934 1987 sibi
1970 1943 2278 1987 obedientibus

484 2024 749 2066 Benedictus
769 2024 876 2078 xiij3
908 2032 953 2067 et
983 2032 1078 2067 tum
1107 2028 1350 2070 cardinales
1372 2028 1568 2083 Gregorii
1589 2027 1667 2080 xij,
1690 2033 1735 2069 et
1760 2027 1899 2069 eciam
1929 2026 2003 2067 alii
2034 2024 2278 2068 cardinales

481 2105 706 2160 antipapae
746 2105 977 2147 Benedicti
1016 2106 1095 2161 xiij
1140 2114 1411 2151 recesserunt
1455 2109 1514 2150 ab
1561 2107 1819 2150 obediencia
1864 2107 2089 2161 utriusque
2135 2118 2277 2160 papae,

483 2186 659 2237 scilicet,
692 2185 892 2241 Gregorii
922 2186 1041 2240 xijmi,
1074 2194 1119 2230 et
1150 2189 1383 2244 antipapae,
1416 2188 1491 2243 qui
1520 2188 1761 2230 vocabatur
1791 2188 2056 2230 Benedictus
2084 2186 2191 2240 xiij3
2233 2190 2279 2227 et

483 2266 702 2308 vocabant
733 2267 804 2308 isti
836 2267 1077 2309 cardinales
1109 2269 1336 2324 utriusque
1368 2269 1516 2324 partiS‚
1537 2282 1595 2310 sc.
1618 2267 1816 2322 Gregorii
1838 2267 1945 2322 xijmi
1973 2274 2018 2310 et
2049 2265 2279 2309 Benedicti

484 2347 619 2402 xiijmi,
661 2348 895 2390 concilium
936 2348 1155 2401 Pisanum,
1197 2365 1286 2404 quo
1330 2355 1597 2404 congregato
1637 2349 1754 2390 idem
1795 2348 2027 2391 concilium
2071 2347 2279 2389 Pisanum

484 2429 690 2482 deposuit
719 2442 797 2483 per
825 2429 1090 2471 sententiam
1121 2431 1292 2472 concilii
1325 2431 1480 2482 Pisani,
1511 2443 1627 2471 anno
1658 2429 1840 2471 Domini
1873 2441 1982 2484 1409
2014 2421 2279 2482 congregati,

486 2507 747 2563 Gregorium
767 2509 884 2564 xijum
914 2524 1077 2564 papam
1110 2511 1373 2563 Romanum,
1405 2517 1451 2553 et
1481 2510 1760 2552 Benidictum
1781 2510 1913 2564 xiijum
1934 2509 2202 2564 antipapam,
2234 2507 2280 2549 id

486 2595 564 2641 est,
594 2597 748 2633 contra
781 2604 954 2645 papam,
986 2598 1031 2633 et
1066 2591 1292 2645 elegerunt
1325 2593 1369 2633 in
1401 2604 1564 2645 papam
1601 2590 1780 2633 Petrum
1814 2592 1871 2634 de
1905 2590 2086 2642 Candia,
2116 2587 2282 2631 ordinis

485 2669 670 2712 fratrum
705 2671 934 2720 minorum,
967 2677 1013 2713 et
1046 2672 1265 2714 vocabant
1295 2685 1395 2713 eum
1426 2670 1736 2713 Alexandrum
1766 2672 1981 2726 quintum,
2012 2676 2058 2712 et
2086 2669 2170 2711 iste
2198 2667 2281 2710 suit

486 2750 641 2792 doctor
680 2766 815 2794 sacrae
850 2751 1120 2806 Theologiae.
1182 2753 1361 2794 Mortuo
1401 2750 1666 2793 Alexandro
1705 2753 1859 2807 quinto
1899 2765 2016 2807 papa
2055 2750 2280 2804 quondam

488 2828 703 2883 Romano,
744 2832 909 2875 electus
962 2832 1042 2875 fuit
1092 2832 1135 2873 in
1183 2845 1344 2886 papam
1387 2831 1637 2874 Romanum
1678 2832 1903 2886 Johannes
1950 2830 2074 2885 xxiij,
2114 2829 2188 2883 qui
2235 2829 2279 2869 in
