2456 3210
477 199 554 230 112
980 196 1111 231 LOCI
1144 196 1183 231 E
1222 195 1385 230 LIBRO
1433 194 1776 230 VERITATUM.

475 342 614 385 orant,
637 343 680 379 et
702 337 864 390 vivunt,
888 353 940 380 eo
960 339 1079 392 quod
1102 352 1188 379 non
1211 338 1376 379 habent
1398 336 1672 391 exemplum,
1695 335 1952 384 doctrinam,
1971 341 2015 377 et
2035 334 2278 376 subsidium

476 415 581 457 boni
613 419 806 468 rectoris,
831 425 1010 473 propter
1040 432 1138 473 quae
1166 419 1249 460 tria
1281 418 1464 459 decimae
1496 423 1540 459 et
1565 417 1682 458 bona
1714 415 1910 458 ecclesiae
1939 429 1966 457 a
1995 416 2094 458 Deo
2120 415 2281 459 collata

476 495 651 539 fuerunt
686 498 865 540 habenti
908 513 1056 541 curam
1098 505 1142 540 et
1182 499 1471 549 ministerium
1510 497 1664 539 salutis
1705 494 1975 538 animarum!
2038 496 2078 539 O
2116 501 2281 550 quanta

475 576 593 618 bona
635 585 679 620 et
719 579 923 620 virtuosae
967 580 1247 633 operaciones
1292 580 1338 619 in
1378 584 1546 620 rectore
1586 584 1630 619 et
1673 578 1718 618 in
1758 576 1946 618 subditis
1988 576 2279 624 retrahuntur,
2338 606 2340 610 »

477 670 556 710 per
595 659 944 701 subtraccionem
985 661 1202 702 bonorum
1247 659 1431 711 illorum,
1472 673 1572 713 quae
1619 657 1745 699 alteri
1794 656 1894 698 loco
1933 657 2281 711 appropriantur,

478 737 641 789 debita,
671 739 846 789 scilicet,
879 748 1253 782 sacramentorum
1294 739 1632 788 administracio,
1668 737 1789 779 verbi
1831 737 1916 778 Dei
1957 743 2003 779 et
2041 737 2282 778 voluntatis

479 817 563 858 Dei
619 820 802 872 agnicio,
850 821 955 862 boni
1006 821 1367 875 exemplificacio,
1422 819 1694 873 agendorum
1751 818 2013 868 consiliacio,
2064 817 2280 860 malorum

478 898 742 951 reformacio,
774 901 991 942 bonorum
1024 902 1349 955 multiplicacio,
1381 900 1677 954 indigencium
1714 912 1792 953 per
1830 898 2180 952 hospitalitatem
2216 911 2293 941 re-.

478 977 624 1028 feccio,
662 993 906 1034 pauperum
941 981 1172 1023 scolarium
1203 982 1260 1022 ad
1295 981 1491 1023 studium
1527 979 1777 1021 exhibicio!
1839 979 1957 1020 Novi
1993 978 2110 1020 enim
2146 991 2281 1019 unum

479 1066 702 1109 rectorem,
733 1061 819 1114 qui,
852 1075 910 1102 ex
938 1061 1066 1103 bonis
1098 1063 1224 1103 unius
1258 1061 1465 1112 ecclesiae,
1501 1074 1634 1115 quam
1671 1060 1844 1101 unicam
1879 1059 2045 1111 habuit,
2079 1059 2282 1101 exhibuit

478 1139 535 1180 ad
575 1140 741 1182 scolam
783 1148 827 1183 et
867 1142 925 1183 ad
966 1142 1162 1183 studium
1202 1142 1358 1195 viginti
1393 1141 1589 1195 juvenes,
1630 1146 1674 1181 et
1713 1139 1816 1181 fecit
1856 1140 1976 1193 ipsos
2019 1140 2280 1182 sacerdotes.

480 1218 521 1260 O
555 1227 720 1273 quanta
754 1221 871 1263 bona
913 1229 1060 1264 essent
1100 1223 1144 1263 in
1186 1222 1271 1263 illis
1306 1222 1557 1264 hominibus
1593 1220 1741 1262 fienda
1781 1226 1825 1261 et
1865 1233 1944 1273 per
1983 1220 2091 1271 illos,
2122 1220 2282 1274 quibus

480 1299 564 1340 ista
594 1300 711 1342 bona
741 1302 1020 1343 ecclesiarum
1052 1302 1369 1356 parochialium
1400 1301 1747 1356 appropriantur,
1780 1313 1832 1341 eo
1863 1301 1981 1354 quod
2012 1306 2105 1342 tam
2135 1300 2282 1354 plures

478 1386 603 1421 actus
638 1381 740 1422 boni
780 1383 836 1423 de
872 1383 1032 1437 quibus
1072 1383 1325 1437 praedicitur
1356 1396 1435 1436 per
1467 1382 1604 1424 talem
1640 1381 2047 1435 appropriacionem
2081 1381 2283 1423 ecclesia-

483 1474 579 1500 rum
608 1462 891 1504 destruuntur
921 1464 964 1504 in
994 1463 1089 1505 aliis
1117 1464 1251 1506 locis!
1314 1463 1355 1505 O
1388 1463 1467 1504 viri
1499 1462 1687 1516 religiosi
1718 1469 1763 1503 et
1799 1462 2028 1515 collegiati,
2059 1461 2103 1502 in
2134 1461 2283 1503 cathe-

480 1540 674 1582 dralibus
705 1542 922 1584 ecclesiis!
955 1550 1121 1597 quanta
1151 1545 1269 1586 bona
1299 1550 1344 1585 et
1374 1549 1527 1585 sancta
1558 1556 1690 1597 opera
1720 1542 1932 1593 faceretis,
1963 1542 2066 1596 quia
2095 1556 2174 1595 per
2202 1555 2282 1584 vos

481 1626 551 1662 tot
590 1621 705 1663 bona
746 1637 877 1676 opera
912 1625 1123 1678 praedicta
1157 1626 1200 1666 in
1235 1625 1432 1679 pluribus
1471 1623 1688 1678 parochiis
1729 1613 2022 1675 destruuntur,
2054 1636 2133 1676 per
2167 1623 2283 1664 bona

483 1701 607 1741 vobis
641 1704 932 1755 appropriata,
968 1711 1011 1746 et
1047 1705 1103 1746 ab
1141 1705 1224 1746 illis
1262 1705 1367 1747 locis
1400 1704 1602 1755 alienata,
1635 1718 1735 1758 quae
1769 1704 1954 1745 fuissent
1987 1704 2072 1745 illis
2105 1704 2149 1744 in
2181 1704 2283 1745 sub-

483 1780 645 1822 sidium
685 1781 872 1835 plurium
905 1784 1120 1826 bonorum
1161 1799 1355 1839 operum,
1387 1785 1422 1826 si
1462 1786 1630 1826 bonum
1670 1791 1884 1827 rectorem
1923 1784 2180 1826 habuissent
2225 1785 2282 1826 ad

483 1861 738 1915 regendum.
818 1863 942 1904 Bona
981 1865 1098 1905 enim
1138 1866 1400 1920 temporalia
1447 1865 1643 1907 ecclesiae
1684 1866 1849 1907 donata
1888 1871 1990 1907 sunt
2031 1879 2057 1907 a
2098 1865 2198 1907 Deo
2238 1865 2282 1906 in

483 1942 699 1983 auxilium
742 1949 786 1984 et
826 1943 870 1983 in
911 1944 1324 1997 multiplicacionem
1357 1947 1574 1987 bonorum
1615 1946 1917 2000 spiritualium.
1976 1946 2142 1988 Videas
2179 1958 2283 2000 ergo

484 2023 602 2075 quod
634 2036 711 2077 per
741 2022 875 2064 talem
904 2025 1308 2078 appropriacionem
1340 2026 1535 2068 ecclesiae
1562 2026 1680 2068 bona
1710 2026 1861 2068 debita
1890 2026 2165 2080 parochianis
2194 2039 2283 2067 non

485 2102 771 2153 retrahantur,
801 2110 850 2144 ut
884 2104 1001 2145 bona
1035 2104 1213 2158 pociora
1244 2107 1303 2148 ibi
1334 2107 1454 2158 fiant,
1485 2107 1560 2148 ubi
1591 2107 1942 2161 appropriantur.
2001 2107 2136 2149 Tales
2167 2106 2283 2149 enim

485 2183 699 2224 habentes
739 2182 856 2224 bona
894 2185 1174 2238 appropriata
1214 2187 1496 2228 ecclesiarum
1536 2186 1852 2241 parochialium
1884 2201 2004 2242 saepe
2043 2187 2285 2229 abutuntur

486 2263 613 2304 bonis
655 2263 750 2314 illis,
790 2276 889 2316 quae
925 2263 1192 2307 deservirent
1232 2267 1438 2319 operibus
1473 2267 1637 2308 sanctis
1673 2266 1841 2317 fiendis,
1878 2268 1923 2308 in
1963 2267 2205 2318 scribendo,
2240 2267 2284 2308 in

486 2345 664 2395 orando,
687 2344 730 2384 in
761 2343 961 2397 legendo,
984 2344 1027 2384 in
1059 2346 1349 2398 praedicando,
1371 2353 1415 2389 et
1446 2348 1631 2389 devotos
1662 2354 1707 2389 et
1738 2347 1985 2401 indigentes
2016 2347 2282 2397 exhibendo,

488 2430 533 2466 et
566 2424 640 2465 illa
674 2425 802 2475 bona,
836 2437 935 2477 quae
965 2433 1224 2478 acceperunt
1254 2427 1311 2468 ad
1349 2433 1551 2469 sanctum
1583 2442 1694 2482 opus
1727 2427 1933 2477 fiendum,
1969 2428 2286 2471 transtulerunt

487 2507 544 2547 ad
580 2505 782 2560 injuriam
814 2505 1037 2546 donatoris
1079 2506 1203 2555 male,
1245 2520 1303 2549 sc.
1344 2508 1427 2548 illis
1468 2509 1646 2560 utendo,
1683 2514 1727 2550 et
1768 2514 1944 2550 sanctos
1982 2522 2087 2550 usus
2127 2515 2171 2550 et
2210 2508 2285 2562 pia

488 2599 621 2639 opera
648 2586 906 2628 omittendo.
951 2584 1052 2626 Tali
1074 2586 1178 2627 dicit
1202 2587 1428 2638 Dominus,
1451 2588 1567 2630 Osee
1588 2589 1649 2643 ij⁰‚
1670 2589 1911 2631 ‘Nesciunt
1930 2589 2050 2642 quod
2073 2602 2156 2643 ego
2180 2587 2283 2641 dedi

490 2666 528 2706 ei
559 2666 837 2718 frumentum,
861 2665 1024 2716 vinum,
1054 2671 1098 2707 et
1128 2666 1284 2719 oleum,
1306 2674 1351 2709 et
1381 2675 1611 2721 argentum
1644 2669 1930 2724 multiplicavi
1961 2670 2011 2721 ei,
2039 2675 2083 2711 et
2115 2682 2281 2716 aurum,

490 2759 589 2798 quae
620 2746 814 2789 fecerunt
842 2746 949 2790 Baal
982 2745 1338 2800 multiplicando,’
1368 2761 1426 2790 sc.
1446 2762 1571 2799 vana,
1605 2757 1647 2792 et
1676 2764 1903 2805 pomposa,
1937 2757 1981 2792 et
2011 2749 2187 2792 delicias
2217 2748 2283 2789 sui
