2456 3210
733 355 862 391 LOCI
898 355 936 389 E
974 353 1141 389 LIBRO
1188 353 1533 389 VERITATUAI.
1959 362 2036 403 127

238 507 284 543 et
317 501 489 555 scripsit
523 500 643 541 idem
676 499 832 541 doctor
867 512 999 552 super
1028 498 1290 539 Psalterium
1327 511 1465 552 usque
1502 498 1559 539 ad
1596 498 1822 540 Psalmum
1855 500 2040 541 centesi-

239 595 360 622 mum
390 580 613 630 inclusive,
644 586 693 621 ut
722 584 848 634 patet
877 579 922 619 in
957 592 1091 632 opere
1130 592 1211 620 suo
1245 592 1378 632 super
1412 578 1673 621 psalterium
1708 580 1871 634 scripto
1908 593 2039 621 manu

237 675 318 703 sua
358 661 545 715 propria,
579 660 699 714 quod
729 659 848 701 idem
879 672 991 713 opus
1026 671 1114 713 ego·
1142 659 1233 700 vidi
1264 658 1456 701 Oxoniae
1492 659 1654 713 pluries
1687 673 1804 701 anno
1836 660 1916 702 Xti
1948 665 2042 701 mmo

237 746 386 783 ccccm
418 741 782 796 quinquagesimo
815 745 947 781 sexto
981 746 1027 781 et
1058 745 1203 781 antea.

354 828 404 871 [p.
435 827 529 870 670.]
587 825 751 862 Judaei.
825 819 952 861 Circa
995 833 1160 861 annum
1202 819 1400 861 Domini'
1427 819 1708 861 millesimum
1748 821 2042 875 quadringen-

237 902 447 943 tesimum
486 901 567 943 xlm
605 900 750 954 Judaei
791 913 850 941 ex
894 900 1074 941 licencia
1114 899 1298 942 Soldani
1339 899 1466 942 Siriae
1507 900 1862 942 inhabitaverunt
1906 915 2040 943 unum

237 982 384 1023 vicum
413 995 552 1036 prope
578 980 837 1034 Jerusalem,
870 981 929 1021 ibi
961 980 1159 1021 viventes
1186 981 1269 1022 sub
1298 981 1476 1031 tributo,
1505 988 1550 1022 et
1580 995 1697 1022 anno
1730 981 1910 1023 Domini
1943 982 2041 1023 mil-

238 1062 396 1104 lesimo
435 1066 585 1104 cccc¹¹¹⁰
618 1061 719 1102 xl¹¹¹⁰
751 1061 832 1115 vij⁰
867 1061 1012 1115 plures
1049 1061 1195 1114 Judaei
1236 1062 1293 1103 de
1329 1061 1557 1116 Hispania,
1593 1076 1720 1103 senes
1761 1069 1806 1104 et
1843 1063 2040 1116 juvenes,

239 1156 399 1184 uxores
427 1149 474 1185 et
502 1142 625 1197 pueri
657 1155 822 1193 eorum,
843 1148 888 1183 et
917 1147 1156 1195 suggentes
1187 1141 1320 1183 ubera
1352 1148 1545 1184 matrum
1576 1155 1763 1192 suarum,
1785 1143 2041 1196 navigantes

237 1224 296 1265 ad
326 1229 500 1278 portam
534 1223 718 1277 Joppen.
749 1223 1041 1264 ascenderunt
1071 1222 1314 1275 Jerusalem
1350 1223 1515 1264 ibidem
1552 1223 1837 1272 aedificantes‚
1868 1231 1913 1265 et
1949 1238 2041 1265 ma·

238 1309 395 1345 nent&
424 1303 507 1344 sub
539 1304 731 1354 tributo;
766 1310 811 1344 et
842 1304 973 1345 credo
1004 1303 1123 1357 quod
1152 1302 1298 1356 Judaei
1328 1302 1599 1345 confluentes
1630 1304 1733 1346 illuc
1769 1318 1828 1345 ex
1859 1305 2042 1346 diversis

239 1384 438 1439 partibus
471 1390 576 1425 tunc
615 1384 799 1426 credunt
839 1398 887 1424 se
925 1384 1099 1425 vincere
1137 1382 1391 1432 Saracenos,
1429 1391 1474 1425 et
1513 1384 1724 1439 PaganOS,
1761 1393 1805 1427 et
1836 1385 2042 1434 Xtianos,

240 1472 286 1508 et
305 1471 411 1507 tunc
437 1464 658 1506 aedificata
675 1464 922 1518 Jerusalem
947 1465 1005 1506 de
1035 1466 1218 1506 materia
1248 1478 1379 1506 aurea
1409 1472 1454 1507 et
1482 1466 1651 1519 templo
1679 1465 1871 1517 Domini,
1893 1466 2042 1508 dicent

241 1545 383 1586 Xtum
435 1558 576 1596 suum,
626 1544 652 1587 i.
678 1559 715 1586 e.
767 1544 1105 1593 Antichristum‚
1147 1544 1295 1586 venire
1340 1545 1384 1585 in
1432 1545 1678 1597 Jerusalem
1728 1547 1774 1586 in
1823 1545 2041 1600 templum

239 1632 439 1667 sanctum
474 1638 615 1674 suum,
651 1631 700 1666 ut
735 1625 987 1666 dominator
1021 1639 1154 1678 quem
1190 1626 1496 1679 quaesiverunt,
1530 1632 1575 1667 et
1609 1633 1659 1667 ut
1687 1626 1872 1680 angelus
1904 1633 2040 1669 testa-

241 1707 391 1757 menti,
424 1719 557 1760 quem
592 1706 675 1758 ipsi
708 1706 876 1755 volunt,
911 1713 960 1747 ut
996 1706 1078 1759 ipsi
1119 1705 1344 1760 applicant
1377 1714 1422 1748 et
1457 1706 1638 1748 trahunt
1673 1707 1730 1748 ad
1768 1707 2040 1749 intellectum

242 1792 561 1842 repugnantem
593 1788 731 1828 menti
762 1787 963 1837 auctoris,
991 1787 1123 1828 verba
1152 1786 1237 1827 Dei
1266 1800 1346 1840 per
1375 1787 1656 1838 Malachiam,
1686 1787 1879 1842 capitulo
1907 1788 1982 1842 iij0.

355 1873 406 1916 [p.
427 1872 522 1916 671]
583 1867 689 1909 Post
723 1867 1073 1924 incarnacionem
1106 1867 1184 1909 Xti
1222 1874 1267 1908 et
1306 1875 1407 1922 post
1442 1869 1743 1910 ascensionem
1775 1869 1854 1910 Xti
1887 1869 2040 1910 Xtiani

242 1946 408 1988 ibidem
446 1953 493 1989 et
532 1947 577 1988 in
617 1946 732 1989 Sitia
772 1948 849 1989 diu
890 1947 1208 1997 inhabitabant,
1251 1954 1299 1990 et
1336 1949 1442 2002 ipsis
1481 1962 1560 2002 pro
1600 1950 1792 2003 peccatis
1831 1950 2039 2004 expulsis,

243 2026 454 2081 Agareni,
487 2029 517 2069 i.
533 2042 570 2070 e.
598 2029 847 2077 Ismaelitae,
880 2029 955 2082 qui
986 2043 1033 2070 se
1063 2034 1223 2070 voeant
1255 2028 1508 2081 Saracenos,
1537 2030 1596 2070 ibi
1630 2037 1837 2080 manent3
1879 2037 1923 2071 et
1950 2030 2041 2083 jam

243 2108 359 2150 circa
397 2121 562 2150 annum
602 2109 784 2151 Domini
824 2116 900 2151 mm
933 2116 1060 2151 ccccm
1107 2109 1247 2163 xlvij'¹¹
1288 2117 1468 2152 manent
1517 2111 1576 2151 ibi
1625 2111 1782 2164 Judaei,
1828 2110 2039 2151 tributarii

246 2187 476 2230 Saracenis
505 2189 566 2230 ibi
597 2191 876 2232 manentibus
906 2197 951 2232 et
989 2189 1188 2232 Soldano
1219 2191 1386 2245 Egipti.

359 2274 405 2317 [p-
425 2274 520 2318 672.]
576 2268 722 2322 Judaei
752 2271 904 2312 dicunt
937 2271 1160 2311 universas
1193 2271 1408 2321 naciones,
1443 2271 1588 2313 futuro
1620 2272 1700 2312 Xti
1731 2272 1796 2311 sui
1829 2276 2040 2323 tempore,

244 2348 430 2402 Judaico
457 2348 624 2403 populo
648 2351 884 2393 servituras
914 2358 959 2393 et
987 2351 1219 2404 imperium
1250 2351 1567 2403 Romanorum,
1592 2352 1666 2406 qui
1697 2357 1858 2391 terram
1889 2349 2039 2401 Judae-

245 2441 374 2469 orum
393 2428 600 2482 gentibus
625 2430 876 2482 diviserunt,
898 2445 994 2472 esse
1013 2431 1332 2473 conterendum
1353 2431 1526 2485 ungulis
1546 2432 1801 2484 Judaeorurn
1825 2436 1869 2471 et
1896 2442 2041 2479 cornu,

246 2508 276 2550 i.
290 2522 328 2550 e.
348 2507 567 2562 potencia,
596 2522 696 2563 quae
724 2510 834 2552 falsa
863 2525 960 2553 esse
990 2518 1114 2566 patet
1146 2525 1203 2552 ex
1235 2510 1484 2564 Scripturis.

365 2587 427 2628 ῙῙ·
476 2593 523 2637 [μ
542 2593 587 2636 Ι-]
639 2593 750 2631 1:01.
809 2590 884 2634 Sic
913 2592 1072 2634 diversi
1102 2598 1279 2633 servant
1307 2591 1464 2646 legem,
1494 2605 1582 2633 non
1613 2591 1715 2645 quia
1745 2590 1819 2630 lex
1850 2594 1926 2636 est,
1960 2602 2041 2629 nec

247 2668 352 2722 quia
378 2666 548 2720 justum
584 2674 663 2720 est,
697 2675 747 2711 ut
781 2670 871 2721 fiat,
901 2673 980 2714 sed
1016 2672 1120 2726 quia
1150 2672 1211 2712 sic
1241 2670 1382 2713 facere
1412 2678 1479 2713 est
1515 2672 1707 2712 medium
1743 2669 2039 2722 congregandi

247 2747 332 2788 sibi
364 2746 471 2801 ipsis
500 2747 694 2798 divicias,
715 2755 761 2791 et
786 2751 928 2793 eciam
956 2752 1061 2806 quia
1092 2751 1299 2793 laetantur
1326 2750 1483 2793 inferre
1512 2751 1606 2793 aliis
1636 2762 1813 2803 poenam
1845 2753 1889 2788 et
1919 2761 2041 2789 vere-

247 2826 467 2869 cundiam.
511 2825 587 2869 sie
613 2826 779 2871 faciunt
807 2831 884 2884 qui
912 2837 1084 2885 ponunt
1113 2831 1338 2873 hominem
1365 2838 1617 2874 accusatum
1647 2829 1690 2868 in
1719 2827 1960 2869 carceribus
1989 2834 2040 2869 ut

248 2906 444 2949 habeant
473 2906 531 2949 ab
558 2903 613 2948 eo
639 2907 793 2950 decem
821 2922 987 2952 mercas
1019 2917 1067 2953 ut
1097 2918 1230 2953 exeat
1265 2912 1346 2952 sub
1377 2908 1759 2964 fidemjussoribus,
1787 2914 1830 2948 et
1861 2913 2039 2960 propter
